2259 3800
437 267 548 328 Oraole
561 278 591 328 to
605 269 784 332 Htusootltu.

305 439 385 500 Tum
397 441 559 501 Hiswuths
572 443 783 504 ineundesoens
796 449 840 505 eit
852 466 860 505 ε

266 536 284 566 “
298 533 356 607 Tu,
370 535 412 592 mi
425 543 517 610 puter,
531 536 746 613 Primigeuiem
759 540 882 611 neossti,

264 626 367 686 Vitem
375 627 568 702 juvenculum
581 630 789 706 pulcerrimum
801 631 947 709 eripuisti,

265 718 448 798 confregisti
461 721 573 780 Lilium
586 730 748 800 pratorum,

264 811 339 871 Tuis
353 814 408 871 sub
422 814 547 890 pedibus
560 816 713 895 obtritum.

263 903 335 965 Meis
347 924 395 964 me
408 913 503 977 matre
516 908 627 966 orbesti
640 930 648 967 z

262 997 344 1057 Illud
357 1005 422 1059 tute
436 1000 500 1076 ipse
514 1019 546 1060 os
560 1001 686 1061 fassus.'’

301 1091 348 1153 At
360 1093 536 1170 Msgieeins,
551 1095 665 1170 pollens
679 1096 711 1154 vi
725 1093 833 1168 valido,

262 1184 380 1247 (lanitio
389 1183 503 1263 jactati
516 1205 570 1264 per
584 1207 680 1261 aures,

261 1279 395 1338 Deilexit
408 1287 497 1356 caput
510 1281 707 1354 excruciatus,

259 1371 346 1431 Nutu
360 1374 512 1432 oeulorum
525 1374 699 1434 assentiens.

261 1465 339 1524 Tum
353 1485 478 1544 surgens
492 1468 591 1525 subito
604 1466 719 1545 refugit

259 1559 332 1619 Filii
345 1561 445 1619 oeulos
459 1579 612 1633 evasurus,

259 1653 307 1712 De
320 1654 468 1712 montibus
482 1672 514 1712 se
527 1654 727 1730 praecipitans

256 1746 309 1807 Ad
323 1747 504 1806 occidentem
517 1748 650 1806 triduum
663 1749 835 1808 continuum

258 1839 418 1902 Gressibus
432 1839 523 1900 effuse
538 1841 750 1918 incompositis.

256 1933 317 1996 Sed
329 1953 431 1992 rursus
445 1935 606 1993 Hiewathu
619 1936 808 2012 persequitur

256 2026 448 2089 Contendens
461 2027 589 2086 Favonii
603 2029 635 2085 in
648 2028 766 2102 ostium,

253 2119 308 2179 Ad
321 2126 421 2195 portas
435 2120 552 2179 oooidui
567 2121 646 2193 solis,

252 2212 307 2272 Ad
320 2219 487 2272 extremum
500 2213 617 2272 telluris
631 2213 800 2286 sominium,

253 2305 301 2367 Eo
315 2306 367 2364 ubi
381 2306 412 2363 in
426 2306 522 2381 sputis
535 2307 635 2365 inania

253 2400 444 2476 Demergitur
458 2399 511 2472 sol,
525 2405 559 2457 nt
573 2400 707 2476 phoenix

252 2480 417 2569 Nootifuge
430 2493 462 2550 in
475 2493 547 2551 nido
560 2493 710 2552 delitescit

252 2586 404 2645 Tristibus
417 2586 536 2645 obsessa
549 2586 718 2661 paludibus.

293 2682 312 2712 “
328 2678 433 2751 Siste‚'’
447 2679 567 2736 tandem
581 2678 680 2753 inquit
693 2677 870 2756 Msgioeius‚

253 2773 272 2804 “
288 2770 367 2832 Siste
380 2788 522 2848 grossum,
537 2771 579 2827 mi
592 2770 636 2827 fili
649 2771 830 2832 Hiuwsthal

250 2864 393 2924 Nondum
405 2863 464 2921 huo
477 2869 508 2921 te
522 2861 584 2919 suta
596 2869 731 2923 evocent.

250 2957 380 3018 Domum
391 2957 430 3014 nd
443 2962 526 3014 tuum
539 2961 659 3032 gentem
672 2957 737 3017 redi
749 2980 759 3026 ς

250 3050 299 3109 Ibi
312 3050 421 3128 deogilo,
436 3049 479 3107 ibi
492 3049 624 3107 laborato
637 3069 645 3107 z

250 3143 381 3203 Telluris
394 3142 505 3218 pesteis
518 3142 739 3201 exterminato:

249 3235 398 3296 Piseerius
410 3242 501 3310 utque
515 3235 628 3294 omneis
642 3241 829 3312 expurgato:

250 3328 387 3390 Oooidito
400 3328 514 3386 belluae
527 3346 562 3386 eo
576 3327 733 3401 veneficos,

252 3421 339 3484 Sicut
350 3438 408 3499 ego
420 3419 535 3497 Regem
548 3419 686 3494 ferorum,
