2259 3800
339 275 468 341 elenau
488 276 698 343 nrawarunn.
909 261 944 327 17

324 543 373 624 (4)
387 543 502 617 Auster
515 543 703 626 (Meridies).

220 713 358 783 Ceterum
372 713 526 787 Aestivus,
540 715 660 792 pinguis
671 714 836 793 segnisque,

178 804 283 886 Long⁰e
296 810 335 867 ad
347 809 500 867 meridiem
513 809 665 866 habitabat

177 899 262 960 Inter
276 920 395 976 soporas
409 901 567 959 somniosas
581 901 748 976 apricitates

182 993 244 1053 Sub
259 993 374 1052 fervore
387 994 527 1053 horarum
541 995 730 1073 sempiterno.

182 1086 350 1146 Silvestreis
363 1088 447 1145 hicce
461 1087 542 1144 areis
556 1087 683 1145 Boream
697 1106 809 1160 versus,

179 1179 361 1239 Rubeculam
375 1188 463 1255 atque
477 1182 647 1258 cyaneolam

180 1272 256 1334 cum
270 1274 429 1333 hirundine
442 1281 472 1331 et
483 1292 586 1332 ansere
600 1274 752 1332 emittebat
765 1297 774 1343 3

179 1365 254 1423 Mox
268 1367 394 1427 melones
409 1367 512 1427 edebat
527 1366 697 1424 cucumeres
711 1375 741 1425 et
755 1367 896 1439 tabacum,

177 1458 218 1517 Et
231 1477 395 1534 purpureos
410 1477 534 1516 uvarum
547 1477 687 1517 racemos.

219 1551 319 1628 Hujus
334 1571 351 1612 e
364 1552 468 1610 tubulo
481 1551 581 1610 fumus
595 1553 755 1611 ascendens

175 1644 273 1704 Aestu
287 1664 429 1722 vaporoso
442 1645 555 1703 eoelum
569 1646 718 1718 miscebat,
747 1694 750 1699 ,

181 1735 334 1798 Somniosa
346 1739 469 1797 mollitie
483 1739 624 1814 implebat
637 1758 733 1812 auras,

178 1831 283 1908 Aquas
292 1831 417 1907 jubebat
430 1831 582 1908 perlucere
595 1831 731 1905 molliter,

179 1924 288 1986 Oolleis
299 1927 463 1984 salebrosos
476 1927 608 2002 paullum
622 1926 773 2003 levigavit,

179 2018 382 2095 Teneramque
396 2020 518 2078 advexit
531 2027 672 2078 aestatem
685 2019 869 2091 Austrinam,

179 2111 289 2185 Quoia
302 2131 403 2172 mense
416 2114 577 2172 clarissime
591 2114 750 2173 scintillant
762 2123 863 2174 noctes
876 2138 884 2182 ;

180 2206 274 2264 misti
287 2207 359 2264 item
372 2207 403 2263 in
416 2225 525 2279 mense,
540 2208 592 2282 qui
605 2208 713 2266 accolis
727 2208 843 2267 Boreae

86 2321 90 2328 ’
181 2298 282 2360 Soleae
296 2300 423 2357 nivarias
437 2301 562 2376 pedibus
578 2301 718 2377 subligat

216 2391 385 2470 Aestivum,
400 2394 463 2451 sine
477 2390 558 2466 cura,
570 2395 633 2452 sine
646 2400 724 2466 voto,

182 2485 280 2547 Semel
293 2487 397 2544 umbra
409 2486 538 2564 maligna
552 2487 738 2562 perstrinxit,

182 2579 279 2641 Semel
289 2580 372 2646 dolor
385 2581 514 2657 pupugit
528 2581 559 2637 in
573 2580 673 2637 corde.

180 2672 270 2747 Olim,
285 2674 316 2731 iu
329 2673 498 2749 Aquilones
510 2681 713 2749 prospectans,

179 2765 289 2825 Procul
302 2767 333 2823 in
344 2768 454 2842 campis
468 2768 604 2826 herbosis
702 2755 704 2763 ¹

180 2860 338 2936 Virginem
348 2867 492 2920 astantem
506 2861 715 2936 conspicatum

179 2952 336 3031 Virginem
349 2972 500 3029 proceram
513 2954 712 3031 gracilemque

179 3045 326 3107 Immenso
340 3049 371 3105 in
384 3054 468 3124 prato
479 3048 649 3119 solitariam,

179 3139 287 3200 Virore
299 3141 438 3201 amictam
451 3141 615 3200 clarissimo

180 3232 380 3310 Crinitamque
395 3235 477 3292 velut
492 3233 570 3293 Solis
581 3232 681 3292 radiis.

218 3326 306 3385 Illam
319 3328 450 3403 qnotidie
464 3326 589 3385 obtuens

179 3418 358 3494 Quotidiano
368 3421 534 3498 suspirabat
548 3419 695 3497 cupidine,

523 3528 542 3573 G
