2259 3800
172 112 211 168 88
431 105 535 166 Deatb
549 106 591 185 es
604 105 758 168 Veniam.

258 275 375 336 Ostium
388 276 576 352 expandente
589 274 737 348 saxosum,

251 369 290 427 In
303 369 459 446 speluncas
472 374 630 428 arenaeeas
643 370 808 445 excipitur,

253 462 347 521 Tristi
361 461 522 538 profundas
535 462 674 538 ealigine.

249 555 325 613 Mox
338 556 523 614 extrinsecus
537 554 700 612 Hiaustha
712 553 876 626 clamitans,

253 647 418 707 Accessum
431 647 542 705 frustra
553 647 678 724 flagitat,

253 740 464 800 comminuens
478 759 551 798 saxa
564 741 713 799 eaestibus
726 760 734 798 ε

252 834 332 892 Nam
345 833 546 909 expostulanti
560 841 647 892 vetus
661 820 796 892 Daemon

252 927 300 985 Ne
314 926 491 985 Hiawathae
505 926 626 1001 quidem
639 927 808 1003 respondet,

254 1018 391 1096 Sedpulis
404 1020 538 1079 oeeultus
552 1020 585 1077 in
596 1019 762 1078 silentibus.

253 1113 339 1185 Tum,
353 1114 490 1172 minibus
503 1113 542 1171 ad
555 1112 671 1171 eaelum
684 1113 816 1185 sublatis,

251 1206 416 1265 Proeeilem
429 1206 589 1265 Hiawatha
602 1214 634 1265 et
646 1206 773 1265 Fulmen

253 1298 368 1371 oravit,
383 1307 418 1357 ut
431 1299 644 1359 descenderent
654 1300 669 1325 ’

250 1391 472 1451 Profunditates
487 1400 658 1451 saxetorum
668 1391 824 1450 diffissura.

293 1486 411 1546 venere
424 1502 491 1544 eum
505 1493 593 1544 noete
607 1503 642 1544 ae
655 1486 788 1544 tenebris

252 1578 284 1637 A
296 1578 459 1656 longinquo
474 1579 622 1636 Tonitrali
631 1577 708 1655 jugo

254 1671 350 1748 Super
363 1672 457 1729 undas
469 1671 552 1739 laetis
565 1671 743 1748 ingruentia.

255 1764 314 1825 Sed
328 1765 379 1823 ille
393 1765 424 1822 in
438 1761 567 1823 caverni
580 1765 707 1841 pauidus

253 1857 382 1920 Gressfis
393 1858 537 1934 procellae
551 1858 698 1918 sentiebat

232 1959 233 1962 ’
252 1952 294 2010 Et
306 1952 413 2009 rutilos
423 1951 551 2027 fulguris
564 1953 674 2012 oeulos.

252 2044 386 2104 Tandem
397 2042 506 2103 bellidis
519 2042 574 2103 sud
586 2041 675 2105 elavi
687 2043 813 2105 numen

254 2138 472 2196 Prominenteis
487 2138 624 2213 seopulos
637 2154 803 2213 arenaeeos,

252 2231 370 2290 Posteis
385 2249 587 2303 cavernarum,
598 2234 747 2308 percussit
758 2257 766 2302 3

255 2324 456 2399 Tonitrusque
467 2325 630 2382 introrsum
644 2326 779 2401 rudebat,

255 2417 414 2477 “Ubinam
427 2424 475 2475 est
488 2414 539 2475 iiie
552 2418 706 2477 ventosus
718 2418 755 2477 i’'

254 2511 319 2570 En!
335 2519 487 2572 sonuerat
500 2525 634 2581 caverna,
650 2513 773 2573 etinfrii

257 2603 319 2665 Sub
334 2605 449 2662 saxosis
458 2603 581 2680 jaeebat
592 2601 718 2663 molibus

256 2698 417 2756 Emortuus
430 2696 533 2772 puieer
547 2695 598 2754 ille
608 2697 767 2758 'Ventosus

299 2790 350 2851 Sio
362 2791 448 2848 finita
461 2787 609 2864 esthujns
617 2790 761 2864 hilaritas,

256 2883 382 2943 Neonon
395 2883 568 2959 omnigenae
582 2883 783 2959 improbitates
797 2906 805 2954 ς

259 2977 318 3038 Sed
331 2977 410 3053 apud
424 2977 533 3053 vulgus
545 2989 652 3035 nomen
664 2978 807 3037 remiinet.

257 3070 381 3143 Quoties
394 3076 503 3128 ventus
514 3069 649 3128 hiemalis
663 3069 829 3128 vorticosus

257 3164 317 3223 Per
325 3162 412 3221 tubos
426 3162 533 3220 camini
547 3162 659 3233 sibilat,

258 3256 376 3315 Aiunt:
398 3257 416 3287 “
425 3255 483 3326 En,
499 3255 588 3314 saltat
600 3255 783 3321 ventosus?
