2259 3800
191 231 227 287 16

412 262 416 267 ·
461 227 526 288 Tic
539 227 641 288 North
662 227 761 288 Wnd.

266 400 333 475 Quo
346 395 450 461 clsriu'r
464 402 582 461 srderet
596 403 683 478 ignis,

269 496 413 558 Scintillis
426 515 479 572 per
492 496 595 553 tubum
610 514 695 553 suum
708 494 936 570 erumpentibus.

307 590 386 648 Tum
399 590 488 647 sudor
501 609 519 647 a
532 589 629 647 fronte
642 587 760 647 Arctici

266 684 308 743 Et
321 701 340 741 s
353 683 438 741 cirris
452 681 516 759 ejus
530 678 638 758 pruind
652 682 818 757 conspersis

267 777 380 838 Creber
393 795 427 835 cc
441 777 543 853 gravis
557 775 732 846 destillebst,

268 869 307 929 In
320 865 424 927 favillat
436 869 607 944 imprimens
622 875 706 925 notes
721 889 730 937 ς

217 958 219 961 ’
269 961 354 1023 Sicut
367 961 403 1020 de
418 967 551 1037 protecte
565 978 699 1018 casarum

265 1055 325 1115 Vel
339 1054 376 1113 de
389 1054 509 1112 ramulis
522 1055 635 1112 cicutae
646 1052 833 1112 flaccentibus

268 1146 358 1208 cadit
372 1147 457 1205 stiria
468 1145 561 1204 verni>
576 1147 742 1221 liquescens

267 1240 419 1316 (iuvatque
432 1241 528 1299 niveis
543 1248 706 1317 aggeratur.

311 1331 371 1392 Sed
383 1332 500 1391 tandem
514 1333 612 1390 victus
627 1332 767 1404 surrexit,

269 1426 431 1502 Impatiens
445 1425 552 1484 caloris
566 1423 714 1500 risdsque,

267 1519 336 1579 Nec
349 1519 490 1577 sustinuit
503 1518 627 1576 hilarem
641 1524 780 1585 cantum3

270 1611 330 1672 Sed
342 1629 482 1687 praeceps
496 1628 549 1686 per
562 1612 670 1668 ostium
680 1610 749 1682 ruit,

269 1704 428 1763 Inculcsns
439 1710 608 1762 concretum
622 1703 728 1779 frigus,

272 1795 463 1871 Nivibusque
476 1796 562 1853 novis
576 1814 611 1853 sc
624 1795 720 1872 glacie

270 1889 369 1954 Lucus
383 1887 546 1948 consolidat
559 1893 647 1964 etque
661 1888 781 1948 amneis.

273 1982 352 2042 Tum
367 1980 544 2060 Colymbum
557 1982 642 2039 illum
655 1983 833 2042 urinatorem

271 2075 324 2136 Ad
337 2076 449 2133 nudum
462 2075 610 2133 luctamen
623 2076 793 2150 provocavit

270 2166 385 2230 Gelstis
396 2168 427 2224 in
441 2166 596 2242 paludibus
610 2174 640 2225 et
649 2169 762 2244 tesquis
776 2168 904 2227 collium.

314 2259 477 2337 Egreditur
491 2259 653 2337 colymbus
666 2262 798 2319 urinator

272 2351 326 2412 Ad
338 2359 509 2411 nocturnam
524 2355 579 2411 sub
592 2353 743 2429 Aquilone
757 2354 875 2427 luctam,

274 2446 320 2508 Ut
333 2447 431 2504 nudus
444 2448 591 2505 montenis
604 2447 636 2504 in
649 2448 804 2523 paludibus

273 2538 452 2599 Luctnretur
465 2559 533 2598 cum
547 2547 646 2598 atroce
656 2540 780 2599 Arctico
792 2563 801 2609 3

276 2630 382 2706 Quoad
394 2633 479 2692 hicce
493 2633 677 2691 anhelantior
689 2633 896 2709 prehendebat,

275 2722 354 2785 Gelu
366 2743 506 2783 manuum
519 2726 669 2798 dissoluto,

274 2817 492 2894 Titubsbstque
506 2819 652 2895 vertigine
666 2826 817 2895 correptus
831 2840 839 2878 1

273 2909 350 2969 Mox
363 2911 473 2983 irritus,
484 2911 587 2987 pulsus
601 2913 724 2971 recessit

274 3001 313 3061 In
327 3004 467 3063 candidus
476 3003 660 3079 Aquilonum
674 3023 741 3064 ores

275 3094 407 3156 Candido
420 3106 555 3175 regnatus
571 3097 723 3171 Cuniculo,

274 3188 402 3248 Risuum
415 3191 557 3266 procellas
572 3209 648 3267 pone
662 3209 693 3250 se
707 3193 837 3265 audiens,

275 3279 391 3354 Quibus
403 3282 497 3341 victur
510 3282 672 3361 Colymbus
686 3284 735 3344 ille
748 3287 880 3344 minster

276 3373 422 3432 Hiluriter
435 3375 572 3434 csntebst
585 3397 592 3434 ε
614 3378 727 3436 “Heus
740 3379 782 3437 mi
795 3377 938 3439 Arcticei

278 3466 327 3526 Tu
340 3483 456 3525 mecum
469 3469 579 3543 pariter
592 3486 624 3527 es
637 3474 735 3529 temen
748 3470 908 3530 mortalisss'
