2259 3800
176 102 231 158 86⁴
441 100 537 160 Chare
551 101 592 177 of
605 100 758 162 Ventosus.

296 286 392 363 Super
405 305 544 365 aggerem
558 294 663 345 cautus
676 286 907 364 transgrediens,

252 379 317 437 Vix
330 380 400 438 talis
413 387 533 440 exstans
547 376 632 455 aqud,

252 472 321 532 Duo
334 474 435 533 oculos
448 474 637 549 conspicatur
648 472 802 531 miranteis

251 566 441 644 Emergentis
455 568 597 625 librorum
611 567 703 643 Regis

251 656 343 735 Aqui
356 678 444 735 super
457 657 599 736 argentei
612 659 700 736 nigri.

252 751 331 810 Dein
344 754 467 828 incipit:
482 751 537 813 “0
551 753 625 810 fiber
638 751 741 824 amice,

252 844 304 903 Me
318 864 373 921 pro
387 853 442 919 tuo
453 845 521 904 cive
534 863 660 917 assume,

252 938 343 997 Utin
356 939 466 997 vestris
480 939 665 1013 requiescam
679 938 827 997 sedibus.’'

252 1030 332 1088 Tum
344 1031 486 1107 providus
499 1031 659 1106 respondet
672 1030 762 1089 fiber:

253 1126 271 1155 ‘⁴
279 1124 405 1183 Liberae
419 1142 557 1201 praesum
570 1143 625 1183 rex
639 1124 773 1193 civitati;

239 1217 341 1275 ·Plebs
355 1218 380 1276 si
393 1225 424 1276 te
438 1218 578 1294 excipiet,
594 1218 670 1276 civis
684 1227 747 1276 esto
756 1216 786 1273 :''

251 1311 355 1387 Atque
368 1312 460 1370 imum
473 1313 511 1370 ad
525 1312 650 1371 fundum
664 1311 855 1389 demergit-ur,

253 1404 359 1464 Fuscis
373 1406 538 1482 implexum
551 1407 721 1464 ramalibus.

292 1497 349 1556 Ille
366 1499 504 1574 spiritum
518 1499 680 1576 paullisper
694 1497 842 1573 recolligit

251 1589 396 1648 Amoenis
411 1592 466 1649 sub
479 1592 620 1650 arborum
634 1591 798 1661 frondibus,

250 1682 334 1755 Quae
344 1685 478 1742 umbram
494 1703 529 1742 oc
538 1683 630 1759 jubar
644 1685 813 1755 variabant,

253 1776 378 1853 Frigore
391 1795 484 1853 aquae
498 1777 614 1836 refotus
628 1778 727 1853 pedes,

235 1867 350 1946 ‘Seque
363 1871 442 1930 inter
456 1871 545 1928 fibros
559 1871 772 1930 occultaturus.

251 1963 327 2021 Mox
341 1963 420 2022 redit
432 1982 488 2022 rex
502 1982 569 2021 oum
584 1965 711 2022 comitiis

251 2055 373 2125 Plenis3
392 2061 430 2128 et,
446 2055 586 2131 suffragio
597 2057 784 2128 renuncians,

254 2149 388 2208 “Prisco
403 2147 530 2227 (inquit)
545 2149 686 2208 fibrorum
700 2149 810 2226 pbpulo

252 2242 381 2316 Placuit,
397 2249 431 2301 ut
444 2242 598 2302 nobiscum
613 2244 653 2301 sis
667 2243 753 2313 civis,

252 2336 344 2395 Modo
357 2337 453 2412 possis
468 2336 617 2395 domicilia
630 2336 769 2395 intrare.''

253 2430 333 2488 Tum
346 2447 458 2505 pronus
472 2430 621 2488 delabitur
634 2430 666 2487 in
680 2448 786 2504 aquam

250 2522 382 2580 Procero
395 2522 547 2582 Ventosus
561 2541 694 2598 corpore,

252 2615 294 2673 Et
307 2633 360 2691 per
374 2616 477 2674 urbem
490 2616 627 2673 fibrinum
641 2616 828 2690 quaeritabat

253 2705 359 2767 Sedem
373 2714 472 2767 tantae
486 2707 597 2767 formae
612 2707 755 2766 idoneam.

251 2800 386 2860 Tandem
399 2802 526 2860 multum
539 2802 650 2877 diuque
664 2808 855 2878 percontatus

250 2892 359 2952 Nullas
371 2894 414 2952 ibi
429 2896 501 2953 satis
515 2901 596 2953 tutas
612 2895 740 2954 latebras

254 2985 366 3046 Contra
379 2988 453 3046 irum
466 2995 640 3048 venatorum
655 2988 764 3046 sensit:

252 3078 338 3152 Mox,
353 3078 431 3156 aquia
446 3099 586 3154 emersus,
602 3083 687 3140 audit

252 3171 531 3249 Appropinquantis
546 3176 676 3233 sonitum
690 3174 830 3252 agminis.

295 3263 394 3338 Quare
407 3266 515 3326 iterum
529 3286 620 3326 cursu
635 3269 727 3327 citato

252 3357 313 3417 Per
326 3359 475 3418 caerulum
488 3361 659 3419 umbrarum
673 3360 827 3422 mollitiem
