2259 3800
177 256 213 314 12
459 255 523 316 Pte
536 255 615 315 Eoot
635 255 734 316 Wiad.

256 429 436 505 Calvamque
450 431 478 489 ei
491 430 534 490 sic
548 429 704 507 confregit,

256 522 302 584 Ut
315 522 440 601 glaciem
453 523 583 600 piscator
595 523 748 582 hibernus.

259 614 310 676 Sic
323 616 438 675 occisus
451 623 496 675 est
510 616 579 675 Rex
593 615 730 689 ferarum,

258 706 398 768 Omnium
411 710 544 787 gentium
557 708 693 781 formido,

258 801 357 862 Ursus
370 801 422 861 ille
437 802 543 880 ingens
555 807 725 861 montanus.

299 893 475 955 “Laudibus
488 895 585 953 tollito
598 894 809 971 Magiccium‚”

259 987 370 1049 Omnes
383 988 582 1048 acclamabant
594 992 714 1067 populis

260 1085 407 1145 “Exinde
420 1086 470 1145 illa
483 1087 542 1145 erit
554 1106 611 1163 pro>
619 1088 762 1147 Favonio.

259 1177 365 1256 Usque
378 1180 485 1238 dehinc
500 1179 610 1239 Ventis
624 1180 842 1250 dominabitnr;

258 1271 291 1330 N
291 1290 325 1331 ec
333 1272 397 1347 jam
409 1271 607 1350 appellabitur
620 1273 802 1350 Mooioeiua,

262 1367 322 1430 Sed
335 1369 490 1429 Favonius
503 1373 626 1446 posthac
639 1372 823 1433 vocabitur.”

300 1461 351 1524 Sic
364 1463 422 1522 fuit
435 1464 585 1542 Magicaio
599 1465 718 1526 decreta

258 1555 362 1616 Patria
375 1563 506 1632 potestas
520 1559 552 1615 in
565 1565 671 1618 ventos
685 1559 770 1620 coeli.

259 1648 426 1708 Favonium
438 1651 496 1726 ipsi
510 1651 567 1708 sibi
581 1651 719 1724 obtinuit,

259 1739 381 1802 Ceteros
394 1742 455 1799 suis
469 1742 571 1801 liberis
585 1744 758 1821 assignavit.

258 1833 413 1894 Matutino
427 1834 509 1893 dedit
525 1835 728 1911 Subsolanum,

258 1925 382 1986 Aestivo
396 1926 545 1986 Austrum
558 1928 661 1988 dedit:

258 2016 440 2095 Aquilonem
453 2020 548 2080 ferum
561 2040 596 2080 ac
610 2021 759 2082 crudelem

260 2111 353 2171 Truci
366 2114 530 2193 assignavit
543 2112 677 2175 Arotico.

390 2416 439 2499 (2)
456 2417 646 2480 Sudsoloooo
659 2419 811 2500 (Oriens).
882 2430 885 2435 '

297 2573 321 2633 J
322 2574 426 2633 uvenis
440 2580 472 2633 et
484 2575 588 2652 pulcer
600 2581 665 2634 crat
677 2574 856 2647 Matutinus,

259 2666 302 2725 Et
311 2666 473 2726 diluculum
487 2686 588 2727 secum
601 2666 737 2726 ducebat.
946 2654 948 2660 ἲ

236 2813 240 2820 .
259 2758 394 2834 Hujusce
406 2767 561 2837 argenteae
576 2760 701 2837 sagittae

260 2851 417 2930 Fugabant
430 2852 587 2930 caliginem
601 2852 712 2925 acolle,
726 2852 841 2914 avalla.
862 2877 864 2881 ·

261 2944 343 3003 Huic
357 2963 451 3024 genae
461 2963 580 3022 quoque
593 2945 791 3023 pingebantur

261 3037 434 3100 Clarissimo
443 3038 628 3113 Phoenicum
641 3038 738 3098 colore
750 3057 759 3097 ε

260 3130 402 3208 qusdem
415 3150 476 3191 vox
490 3132 668 3191 discutiebat
681 3149 815 3190 somnum

259 3224 396 3300 Vicoque
408 3230 439 3282 et
452 3225 549 3283 cervia
563 3231 595 3284 et
607 3225 809 3284 venatoribus.

302 3314 459 3378 Solitarius
473 3317 505 3376 in
518 3317 600 3376 caelo
612 3316 671 3375 fuit
684 3316 861 3377 Matutinus.

261 3407 438 3485 Quanquam
450 3425 521 3469 aves
531 3409 559 3469 ei
573 3409 718 3469 canebant
730 3410 867 3470 hilariter
880 3432 889 3480 ς
