2259 3800
338 387 469 429 canum
490 385 699 429 nuwarm.

177 543 286 603 Ablnit
298 545 416 618 tacitus,
432 545 564 614 inritua;

175 636 311 714 Jamque,
326 638 410 697 velut
422 646 616 715 experrectus
630 637 760 711 somniis,

175 728 319 791 Furorem
333 732 431 790 cordis
445 732 575 808 deponit

175 822 302 896 Etenim,
318 831 352 882 ut
365 825 458 883 nubea
472 843 489 883 e
502 824 592 897 caelo,

172 915 216 976 Ut
227 917 339 993 glacies
352 936 369 975 e
382 918 483 976 fluviis
497 918 645 976 everritur
657 939 666 986 ;

174 1006 223 1069 Sic
235 1012 392 1087 aegritudo
404 1010 456 1068 illa
469 1010 587 1070 effrenis

172 1102 303 1179 Depulsa
315 1111 361 1163 eet
374 1113 493 1180 pectore
509 1103 695 1163 Hiawathaa

209 1197 289 1256 Dein
303 1198 480 1260 Chibiabum
494 1197 572 1256 infra
585 1215 676 1274 aquae

170 1290 220 1349 Ex
233 1292 331 1351 arenis
345 1282 516 1364 evocabant,

170 1384 292 1444 Turrem
306 1387 426 1463 igneum
440 1386 677 1462 praetendentes,

168 1477 296 1537 infernis
309 1498 395 1555 opem
408 1479 581 1551 viatoribus,

166 1569 197 1627 N
197 1589 213 1629 e
227 1580 317 1630 noctu
331 1572 461 1630 solitarie

166 1662 216 1722 Ad
228 1683 322 1742 regna
335 1665 442 1724 Futuri
457 1664 662 1723 incedentibus

168 1754 332 1816 Castrensis
347 1759 486 1817 deficeret
499 1759 588 1835 ignia.

168 1847 218 1909 Sic
232 1852 349 1910 tandem
362 1852 460 1928 patrio
474 1869 491 1911 e
505 1852 573 1910 vico

167 1944 285 2021 Suoque
298 1964 315 2004 e
330 1946 478 2004 domicilio
491 1964 545 2020 per
559 1944 673 2016 silvam,

166 2037 210 2097 Ut
222 2038 330 2111 fumus,
344 2039 467 2097 evanuit
481 2037 654 2110 Chibiabus,

165 2129 234 2190 Sine
248 2139 330 2190 motu
343 2149 492 2190 ramorum
505 2132 688 2207 praeteriens
700 2153 710 2200 ς
824 2129 828 2138 '

162 2224 266 2300 Neque
279 2226 407 2302 gramini
420 2232 472 2283 aut
485 2223 565 2283 foliis
579 2225 611 2282 in
628 2219 733 2283 aemiti

164 2315 277 2378 Greesu
291 2319 438 2378 excitavit
455 2335 568 2376 sonum.

163 2411 246 2481 Mox,
261 2412 352 2469 totius
366 2411 516 2486 quatridui
531 2411 637 2469 itinere

162 2503 198 2561 In
211 2505 338 2563 insulam
353 2505 504 2563 beatorum
518 2505 660 2562 devectus

160 2596 210 2655 Ad
223 2598 392 2675 populareis
405 2597 517 2655 maneis
532 2596 684 2672 pervenit..

197 2692 243 2751 At
256 2693 425 2764 Hiawatha,
440 2703 583 2767 protenus
601 2689 764 2767 egrediens,

158 2786 209 2844 Ad
223 2786 385 2858 Orientem,
400 2785 438 2843 ad
453 2784 646 2845 Occidentem
659 2782 831 2859 vagabatur,

157 2879 352 2956 Multiplioeie
366 2879 474 2938 doeens
487 2877 648 2936 medicinas

155 2972 350 3047 Pluriumque
363 2989 544 3030 venenorum
556 2969 694 3027 remedia.

157 3063 206 3126 Sic
220 3066 348 3142 primum
361 3065 457 3143 aegris
466 3063 641 3121 mortalibus

51 3209 52 3218 ,
156 3158 349 3236 Promulgata
363 3166 409 3217 est
422 3176 471 3216 are
486 3156 618 3228 sanandi,

154 3251 278 3312 Sacrum
291 3251 455 3311 medicinae
468 3250 651 3327 mysterium.

905 370 943 428 83
