2259 3800
342 251 472 296 osam
492 251 701 295 mawsrms.
910 238 945 293 41

182 825 200 860 1
295 823 313 859 1
409 822 427 858 1
522 822 540 858 1
632 821 650 856 1
740 819 758 855 1
847 818 865 854 1

253 965 489 1040 [Froqmsntam
502 982 518 1022 e
532 965 644 1022 aerim
657 959 784 1041 capita]

219 1059 302 1135 Ergo
315 1058 479 1117 canendum
492 1065 596 1116 nostro
609 1058 641 1115 in
655 1057 785 1117 carmine

179 1153 227 1212 De
240 1147 358 1228 postera
370 1169 515 1209 annorum
529 1151 672 1210 felicitate

178 1246 240 1304 Per
252 1263 340 1323 agros
354 1243 606 1320 Ojibbawaiarum

179 1339 330 1397 Amoenus
343 1337 410 1396 iilos
422 1355 458 1395 ae
472 1344 601 1412 pacatos.

179 1428 306 1491 Defessi
319 1430 415 1491 serari
429 1426 560 1502 cruenti,

178 1521 306 1584 Defessi
318 1524 469 1584 bellatoris
482 1519 577 1595 olava,

180 1617 256 1678 Cum
270 1619 377 1678 ceteris
390 1617 461 1676 belli
474 1617 552 1689 telis,

180 1710 374 1771 Obsoleverat
387 1717 491 1769 cantus
506 1711 685 1785 praeliorum

178 1805 304 1863 Pacatos
318 1794 542 1879 inter'populos.

178 1898 344 1958 Venatores
356 1905 438 1956 metu
453 1898 598 1956 immunes

176 1991 247 2050 Huc
260 1992 332 2050 illuc
345 1991 555 2067 evagabantur.

178 2084 336 2144 contextis
349 2084 476 2143 betuleis
490 2085 604 2161 cymbis

178 2178 374 2237 Piscabantur
388 2178 420 2235 in
434 2177 500 2236 lacu
514 2178 564 2236 vel
579 2179 611 2235 in
624 2178 769 2237 amnibus.

179 2271 311 2331 Cervam
324 2267 442 2348 sagitta,
457 2269 574 2328 tibrum
588 2268 693 2346 pediti

179 2365 366 2441 captabant:
387 2382 467 2436 mox,
482 2364 556 2422 viris
570 2364 752 2435 absentibus,

180 2455 262 2518 Tuta
274 2457 401 2519 feminae
415 2457 495 2515 domi
509 2453 601 2532 operi,

177 2552 330 2610 Acernum
343 2551 488 2628 cogebant
501 2550 682 2622 saccharum,

179 2644 309 2723 Oryzam
323 2663 340 2703 e
353 2645 446 2720 pratis
460 2643 648 2720 colligebant,

178 2739 347 2814 Pelleisque
361 2737 496 2796 cervinos
510 2756 544 2795 ac
558 2736 691 2795 frbrinas

179 2831 353 2907 Depsebant
366 2831 496 2906 patrium
509 2830 547 2887 ad
560 2848 682 2889 morem.

175 2923 279 2982 Beatis
293 2924 483 2982 circumcirca
496 2923 572 2981 vicis

179 3016 387 3076 Constiterant
401 3023 517 3092 segetes
530 3034 571 3073 ex
583 3012 645 3088 zeti,

179 3108 242 3168 Ubi
255 3108 362 3166 viridis
376 3106 494 3165 lucebat
508 3107 624 3165 Zeanus

179 3200 288 3260 Cristis
301 3218 434 3258 annuens
448 3200 545 3258 aureis

179 3291 256 3351 Cum
269 3293 378 3369 apricis
392 3292 589 3368 mollibusque
603 3292 704 3366 cirria*

180 3383 276 3462 copiis
288 3392 399 3445 terram
412 3384 541 3462 rapiens.
