2259 3800
338 150 469 195 crum
489 149 698 193 mswsruns.
900 134 935 190 61

180 309 266 367 Inter
278 325 375 366 remos
389 308 512 367 tetricae
527 308 592 383 pini

179 402 371 474 Insidentem,
386 402 424 460 sd
437 420 469 460 se
483 408 590 469 vocst3

178 494 230 567 Et,
244 500 357 553 tantam
370 493 435 572 ejus
448 512 568 569 operum
581 494 737 566 honoreus,

183 587 302 648 cirrum
316 588 486 646 cruentavit
498 587 667 663 plumarum

180 680 274 739 Parvi
288 681 349 757 pici
362 682 395 738 in
408 680 541 739 vertice:

182 773 279 847 Quem
291 774 403 832 cirrum
415 773 500 832 hicce
513 774 674 850 puniceum

182 866 234 926 Ad
247 868 328 926 hunc
341 884 436 943 usque
450 866 527 925 diem
540 873 648 944 gestet,

183 960 320 1036 Antiqua
333 949 490 1018 testantem
504 960 619 1020 menits.

222 1052 270 1111 At
283 1071 300 1113 e
313 1055 436 1130 tugurio
450 1053 613 1111 Hiswsthu

184 1142 317 1204 Divitiss
330 1146 405 1204 victi
419 1146 547 1215 extulit;

186 1238 299 1299 Pelleis
312 1241 432 1316 depstss
446 1241 633 1315 multumque
645 1241 797 1315 muricem,

184 1332 312 1392 Bonsssi
324 1334 451 1410 librique
463 1334 560 1405 villos,

184 1425 319 1484 Munium
332 1426 515 1484 silvestrium
528 1428 713 1486 diversorum

186 1519 299 1596 Nigrus
312 1519 473 1595 niveusque
487 1520 608 1578 villosas
622 1520 748 1596 pelleis;

187 1611 319 1684 Bulteos,
333 1613 463 1681 catellas,
477 1631 633 1672 crumenas
645 1633 663 1673 e
675 1615 797 1689 murice,

189 1698 478 1766 Gemmis‘muricsis
491 1707 638 1783 insigneis
652 1707 805 1785 pharetras

190 1797 316 1877 Sugittis
328 1797 464 1871 refertus,
479 1799 511 1856 in
525 1798 640 1875 spiculo
654 1803 826 1879 argentatis.

188 1892 268 1952 Dein
283 1892 401 1951 domum
414 1892 569 1970 navigavit
582 1894 735 1955 exsultem

190 1987 312 2064 Aquam
324 2004 379 2063 per
391 1987 514 2062 piceum,
529 2005 583 2062 per
596 1988 739 2066 unguium
752 1997 890 2068 stragem,

192 2079 269 2140 Cum
282 2079 411 2156 egregiis
425 2097 542 2156 pugnae
556 2081 693 2157 tropaeis,

192 2172 268 2234 (ium
282 2173 410 2231 clamore
423 2180 455 2231 et
468 2179 557 2231 contu
572 2173 724 2252 triumphi.

190 2266 259 2325 Illic
272 2267 304 2324 in
316 2265 418 2344 littore
431 2266 639 2340 consistebant,

190 2359 368 2418 Adventum
380 2360 480 2417 herois
494 2360 691 2435 opperientes,

192 2452 342 2524 Nocomis,
358 2451 530 2525 Chibiubus,
547 2452 707 2529 Quminds,

192 2547 236 2605 Et
248 2546 333 2606 vicus
347 2545 503 2604 sultstione
516 2545 652 2607 festivus.

192 2639 269 2698 Inde
282 2639 402 2715 epulum
416 2637 513 2698 fecere
526 2640 712 2715 Hiswuthse,

195 2731 254 2805 Qui
268 2750 387 2809 megum
401 2732 557 2791 occidisset
571 2736 764 2810 teterrimum,

195 2824 293 2884 Albse
307 2824 430 2884 nebulae
445 2826 585 2901 palustris
599 2834 769 2901 creatorem,

196 2918 361 2976 Auctorem
374 2916 466 2975 febris
479 2937 513 2976 sc
527 2918 613 2978 lethi.

199 3009 258 3071 Sed
272 3011 436 3070 Hiswuths
448 3009 544 3068 tubuli
559 3010 607 3069 sui
620 3028 741 3090 scapum

196 3104 338 3164 Puniceis
351 3103 461 3181 plumis
474 3102 585 3161 exinde
598 3106 730 3180 ornabas,

197 3197 310 3256 Merits
323 3197 375 3254 illu
387 3196 448 3273 pici
462 3214 711 3269 commemorans3

197 3289 302 3366 Atque
315 3290 395 3348 omni
408 3289 519 3365 populo
532 3288 655 3352 divitius
668 3294 747 3374 mugi

198 3382 354 3461 Benignus
368 3382 482 3441 viritim
495 3383 609 3446 divisit
