2259 3800
188 141 229 198 84
380 136 444 196 Tse
460 134 637 212 Ssaeesrfal
655 133 808 194 Gambler.

486 709 631 771 CAPUT
657 705 748 768 XIV.

421 894 546 938 ΜΟΒΕ
580 892 803 938 vaurosl.

270 1043 321 1101 Dn
335 1043 469 1102 Ventoso
484 1044 590 1102 solerte
604 1045 768 1117 narrabam,
814 1080 818 1087 ·

274 1136 405 1198 Saltatds
418 1137 556 1213 aleasque
570 1138 758 1213 peritissimo,

274 1233 368 1307 Quem
382 1235 490 1312 vulgus
503 1235 671 1312 appellabat
683 1235 905 1297 Prooellarium.

273 1327 339 1400 Ille,
354 1325 419 1386 alet
431 1334 462 1386 et
474 1329 552 1386 ludIs
567 1329 693 1389 diversis

270 1421 395 1479 Paterae
409 1429 460 1479 ant
474 1423 603 1497 scriptae
616 1422 743 1495 tabulae,

270 1513 293 1573 J
294 1533 405 1572 uvenes
418 1522 507 1591 atque
521 1516 601 1593 ipsos
615 1533 700 1575 senes

271 1606 378 1665 Totam
392 1625 445 1683 per
459 1616 576 1666 noctem
590 1608 740 1668 detinebat
748 1632 758 1677 3

269 1699 382 1772 Donec,
398 1718 451 1758 suo
465 1701 498 1757 in
510 1701 585 1758 ludo
595 1702 695 1774 solers,

272 1790 414 1853 Omnium
427 1811 497 1868 opes
511 1795 809 1869 exquisitissimas,—

272 1885 401 1963 Depstns
415 1886 594 1964 villosasque
607 1888 720 1964 palleis,

272 1978 418 2055 Torquate
431 1981 587 2054 muriesos,
604 1983 709 2041 oristas
723 2000 862 2058 penneas,

272 2070 444 2145 Orumenas‚
459 2074 587 2146 tubulos,
601 2075 712 2147 tela,—

270 2165 470 2223 Bellatoribus
484 2173 573 2243 atque
587 2170 741 2228 industriis
755 2170 886 2229 detracta

275 2257 340 2318 Sibi
354 2260 492 2317 assumsit
505 2261 633 2320 imbellis
646 2270 678 2320 et
691 2262 779 2322 iners.

276 2351 355 2411 Tum
368 2352 579 2424 infit—filium
591 2355 743 2414 bellatoris

272 2445 295 2504 J
296 2464 423 2505 uvenem
437 2465 471 2504 ao
485 2447 616 2505 vulidum
631 2448 791 2508 denotans:

274 2537 362 2596 “Pro
370 2538 483 2614 juvene
496 2539 562 2612 hdo,
579 2540 698 2614 silibet,
712 2539 739 2601 0
753 2550 846 2619 pater,

276 2629 428 2705 Quidquid
442 2633 572 2691 omnium
586 2651 684 2691 rerum
697 2635 800 2707 habeo,

274 2723 312 2780 Id
326 2743 385 2781 uno
398 2724 455 2784 tibi
468 2726 499 2782 in
512 2726 583 2783 ludo
597 2727 777 2800 periclitor.”

314 2816 427 2874 Furore
441 2817 563 2875 ludendi
577 2819 725 2896 abreptus,

274 2909 365 2968 Pater
379 2911 577 2969 conditionem
591 2913 707 2988 arripit,

278 3000 337 3061 Sed
350 3003 459 3062 iterum
472 3004 603 3063 vincitur
616 3024 634 3063 a
647 3006 781 3064 Ventoso
794 3029 803 3075 ;

278 3093 346 3167 Qui,
362 3115 414 3171 pro
429 3115 514 3155 servo
522 3095 666 3171 juvenem
680 3100 833 3173 arripiens,

275 3187 425 3248 Humeros
439 3188 504 3265 ejus
518 3190 653 3265 plurimis
667 3198 771 3250 onerat

276 3282 470 3342 Rhenonibus
484 3291 515 3343 et
528 3286 631 3361 spoliis
645 3286 782 3362 pretiosis
795 3310 804 3356 ;
