2259 3800
1 3384 8 3425 i

371 253 502 303 esaum
522 256 732 306 mawsrrms.
934 250 972 307 53

288 413 333 473 At
348 433 419 474 vero
432 416 606 490 Hiawatba'
619 420 784 496 dedignans
890 437 892 441 ·

247 506 373 581 Quando
385 508 489 586 lupum
502 511 587 570 videt
598 514 843 589 appropinquare,

249 601 399 678 Repudiet
411 601 573 681 objurgans
585 606 709 678 hostem,

249 694 340 771 Isque
353 696 455 755 victus
465 698 578 772 pudore
591 698 784 776 demergitur.

252 785 469 864 Ortbcqerime
484 790 553 848 dein
567 790 674 850 Melae
687 793 790 852 eadem

251 878 383 957 Imperat
396 883 539 958 squalus3
560 885 612 943 sed
626 886 729 945 itidem

251 971 379 1046 Quando
391 975 451 1048 hio,
466 994 499 1035 re
512 974 633 1050 iniecti,
647 979 745 1051 rediit,
794 1004 798 1013 ·

252 1065 340 1127 Tunc
353 1067 422 1129 Rex
436 1069 499 1144 ipse
513 1068 649 1145 piscium,
664 1079 825 1131 commotus

252 1156 304 1219 Ex
316 1158 385 1221 albi
398 1160 484 1221 fundi
496 1159 597 1236 areni,

253 1251 401 1314 Iracundo
414 1256 547 1331 corporis
560 1263 649 1332 gestu

253 1344 379 1408 Penitus
393 1366 447 1423 per
460 1366 568 1409 nervos
581 1348 724 1424 quatitur.

251 1437 389 1498 Laminas
402 1449 567 1501 armaturae
580 1442 702 1520 clangit,

249 1530 417 1609 Pigmentis
430 1532 649 1610 fulgidissimus
662 1535 778 1596 bellicis
790 1556 799 1605 ς

253 1624 329 1684 Mox
343 1624 375 1683 in
388 1626 522 1703 apricum
530 1627 622 1704 jubar

253 1716 341 1777 Saltu
354 1717 511 1796 subjicitur
524 1722 775 1782 concitatissime:

252 1809 294 1869 Et
308 1808 457 1888 (posteros
471 1814 496 1872 si
508 1822 627 1889 eportet
640 1818 770 1889 eredere,

252 1903 339 1978 Quae
352 1907 434 1968 atavi
447 1908 597 1967 tradidere
610 1910 777 1988 miracula)

253 1996 402 2057 Faucibus
415 2000 563 2076 absorpsit
577 2002 748 2079 ingentibus

254 2090 296 2150 Et
309 2093 445 2170 cymbam
457 2100 489 2153 et
502 2094 704 2158 Hiawatham

293 2184 392 2262 Atqui
404 2187 454 2246 hie
467 2187 624 2248 tenebrosi
636 2191 669 2249 in
681 2188 821 2263 caverni,

254 2277 300 2339 Ut
312 2278 427 2339 caudex
441 2280 528 2358 nigro
542 2282 709 2343 influmine

143 2428 147 2438 ,
176 2428 180 2435 ,
251 2370 370 2434 Caecus
382 2372 560 2434 decurrente
574 2376 793 2453 praecipitatur,

254 2464 369 2524 Tamen
383 2466 415 2524 vi
429 2465 531 2527 validi
543 2469 684 2528 connisus

254 2557 296 2616 Et
308 2558 445 2617 minibus
458 2561 651 2621 circumcirca
664 2561 796 2638 palpans,

254 2649 316 2710 Cor
330 2652 426 2728 squali
440 2659 579 2712 strenuus
592 2654 717 2714 avellit:

256 2743 359 2820 Atque
373 2745 399 2803 is
414 2745 588 2808 demortuus
602 2748 682 2807 illico

256 2835 307 2895 Ad
322 2856 449 2896 summas
462 2858 554 2916 aquas
569 2841 763 2914 submittitur,

256 2928 318 2990 Ubi
331 2930 386 2989 vix
399 2950 453 3008 per
466 2931 578 2993 fauceis
591 2935 735 2994 maximas

256 3021 298 3081 Et
311 3041 383 3090 aurs
395 3030 427 3082 et
439 3024 494 3083 lux
508 3026 647 3086 intrabat.

252 3114 382 3192 Jamque
395 3117 485 3176 hilari
499 3137 566 3178 cum
579 3119 695 3195 garritu
709 3119 824 3177 sciurus

257 3206 343 3269 Saltu
357 3209 506 3286 projectus
521 3212 552 3269 in
566 3212 675 3269 ostium

255 3300 388 3362 caudam
402 3303 440 3361 sd
452 3321 540 3362 aures
554 3304 740 3380 praepandit,

256 3392 324 3470 Quo
337 3397 449 3474 remige
463 3398 584 3476 equulus
597 3398 704 3476 ingens
