2259 3800
326 365 457 410 cmm<
479 364 686 406 nummus.

166 513 290 574 Altsree
305 517 380 575 duee
393 516 543 574 intravere
557 513 678 573 umbrue

167 608 237 666 Non
252 608 404 680 invitatae,
420 607 542 679 invisae,
557 607 717 682 squalidae,

168 698 270 759 Oculis
284 702 365 759 cavis
379 719 413 759 eo
428 700 563 759 tristibus
576 721 585 769 3

168 791 259 866 Quae,
274 793 414 851 audacter
427 792 623 865 considentes,

165 885 202 942 In
215 904 248 944 os
262 886 463 945 Minnehahee
477 885 683 945 obtuebuntur.

47 1042 50 1046 ,
164 977 253 1037 Prior
267 980 329 1036 eit:
351 979 458 1037 “Eoos
471 995 528 1049 me,
543 977 665 1036 Famem
678 980 709 1047 ;'’

165 1070 267 1148 Atque
280 1072 392 1130 altere:
414 1076 432 1102 ‘⁴
442 1071 521 1130 Eece
534 1089 589 1142 me,
605 1071 757 1131 Febrem.”

167 1164 245 1223 Tum
259 1164 394 1223 amabilis
407 1164 593 1222 Minnehshe
605 1164 767 1224 abhorrens

167 1257 204 1315 In
218 1258 295 1317 lecto
308 1257 436 1316 cubabat
450 1257 548 1329 tacite,

167 1350 320 1422 Tremens,
336 1351 489 1428 geleseens
502 1350 698 1425 flagransque,

168 1443 235 1502 Tuli
249 1445 314 1502 viso
328 1443 495 1519 perterrito.

169 1535 228 1597 Sed
241 1538 320 1595 eirea
332 1543 422 1613 etque
436 1537 568 1612 undique
576 1536 742 1611 audiuntur

167 1629 306 1708 Vagitus,
321 1631 459 1705 plonotr‘ns
473 1630 688 1706 plurimarum:

167 1722 246 1782 Nem
259 1724 345 1800 pueri
360 1723 546 1799 infantesque
561 1723 700 1798 peribant

167 1816 264 1876 Febre
277 1836 312 1875 ue
325 1816 403 1876 fame
417 1817 538 1875 devicti.

206 1911 272 1970 Neo
286 1913 365 1987 potis
379 1920 443 1970 eret
457 1912 619 1970 Hiswuthu
631 1911 746 1986 durare,

167 2004 378 2063 Minnehehem
392 2006 578 2063 deficientem
592 2005 714 2063 videus:

169 2095 228 2157 Sed
241 2097 313 2155 villo
327 2097 483 2156 obvolutus
497 2116 565 2155 oum
578 2097 646 2155 telis

166 2189 279 2247 Iterum
293 2198 382 2265 etque
396 2191 504 2248 iterum
519 2191 551 2247 in
565 2191 670 2248 silvam

164 2281 290 2354 Prodiit,
305 2283 439 2358 quamvis
453 2282 622 2357 desperans,

164 2374 253 2434 Nune
266 2375 448 2433 Desmonem
462 2377 600 2450 precibus
617 2374 803 2453 supremum,

165 2466 197 2525 N
199 2486 256 2526 une
270 2469 365 2545 ipsam
378 2468 592 2527 Minnehohsm
605 2469 772 2544 appellens:

167 2558 222 2620 “0
237 2580 274 2619 ne
287 2568 321 2619 tu
334 2561 457 2633 morire,
472 2560 655 2620 Minnehshs
669 2561 700 2619 1⁹³

168 2651 228 2713 Sed
241 2672 327 2712 nemo
341 2656 459 2713 vocanti
473 2656 632 2731 respondet

165 2743 287 2805 Praeter
300 2764 403 2805 vocem
415 2765 626 2822 repercussum,
642 2746 854 2808 Miunehuhu!

203 2837 275 2897 Ilias
289 2858 342 2915 per
356 2840 446 2897 silves
460 2841 604 2899 letissime
618 2850 753 2917 vagetur,

165 2931 225 2990 Per
238 2951 312 3008 ques
326 2932 395 2991 oiim
410 2931 462 2991 illu
471 2932 690 3009 jucundissimi

168 3024 318 3085 Aeternee
332 3027 488 3085 memoriae
501 3034 614 3085 oestnte

166 3117 301 3177 Uxorem
314 3119 561 3178 adolescentulam
576 3120 692 3178 domum

165 3210 193 3268 E
207 3207 288 3270 terrd
301 3212 482 3270 Daeoterum
497 3230 596 3270 seeum
613 3212 710 3272 duxit.

167 3303 336 3363 Turtures
350 3305 382 3363 in
396 3304 522 3363 dumetis
537 3305 681 3363 ednebent

166 3396 328 3473 Rivulique
341 3398 487 3456 micabunt
500 3398 641 3469 ridentes,

167 3489 209 3548 Et
221 3491 324 3550 molles
338 3490 510 3568 fragrabunt
522 3509 610 3550 surse
622 3514 630 3561 ς

894 349 933 405 95
