2259 3800
340 251 473 297 enituit
493 252 705 301 munuum.

177 411 244 470 Has
258 411 381 490 cymbae
396 410 595 485 interstinxit,
640 416 642 419 ’

177 503 326 563 Lucidum
340 505 440 565 ventri
453 503 617 580 cingulum,

177 595 290 656 Prerae
303 596 468 674 fulgentem
481 604 626 674 torquem,

177 688 239 748 Par
253 689 405 751 stellarum
418 709 473 766 pro
485 691 620 749 mammis
632 690 753 749 micans.

221 781 273 843 Sic
286 784 405 842 betulea
417 783 523 861 cymba
536 785 569 843 in
582 783 660 843 valle

177 874 306 951 Propter
319 894 434 935 amnem
448 883 495 935 est
507 883 649 937 contexta

178 969 251 1045 Ipso
265 970 297 1028 in
310 970 423 1047 gremio
437 970 539 1029 silvae.

178 1062 262 1139 Ergo
276 1063 340 1121 vita
352 1064 449 1122 inerat
463 1063 621 1136 silvestris,

178 1159 337 1220 Horrenda
350 1178 420 1220 sane
433 1179 468 1223 aa
480 1161 617 1238 magica3

178 1252 206 1311 E
219 1251 322 1314 betulia
334 1273 388 1313 sua
400 1254 517 1326 levitas,

62 1426 65 1431 Ι
178 1345 309 1405 Eeedro
322 1365 408 1406 suum
421 1344 520 1423 robur,

176 1438 205 1499 E
218 1441 309 1500 larice
322 1458 482 1501 nervorum
496 1439 652 1501 lentitudo.

176 1535 307 1613 Jamque
319 1533 472 1592 innatabat
483 1532 564 1593 amni

173 1628 268 1690 Velut
280 1627 467 1688 auctumnale
480 1626 595 1700 folium,
617 1626 620 1631 ’

176 1721 272 1782 Velut
283 1721 398 1781 luteum
411 1720 541 1796 aquatile
554 1720 660 1779 lilium.

217 1815 325 1891 Neque
338 1819 424 1873 erant
436 1814 510 1873 remi
524 1813 711 1886 Hiawatbae,

177 1909 286 1986 Neque
298 1909 411 1985 remige
425 1908 544 1965 omnino
558 1926 633 1984 opus
646 1916 719 1967 erat.

177 2002 258 2063 Nam
271 2002 364 2078 ipsius
378 2002 534 2060 voluntate
546 2001 653 2079 cymba

175 2094 218 2154 Et
231 2103 305 2155 nutu
319 2095 410 2153 animi
423 2094 618 2164 movebatur3

177 2186 340 2261 Velociter,
355 2188 444 2259 lente,
459 2186 577 2259 dextra,
591 2187 724 2261 sinistra,

176 2280 387 2359 Progrediene‚
402 2281 552 2355 recedens,
568 2299 600 2342 se
613 2287 798 2340 convertens.

219 2375 298 2434 Tum
311 2375 439 2433 amicum
452 2374 537 2432 illum
550 2375 767 2433 validissimum
819 2434 827 2440 ,

178 2467 361 2542 Quasindam
374 2468 552 2543 opitulatum
565 2467 700 2539 accersit,

176 2563 224 2623 Ut
237 2580 277 2621 ex
290 2580 375 2620 amne
389 2561 507 2636 stipites
522 2562 672 2620 demersos

176 2654 219 2714 Et
231 2672 387 2713 arenaeeos
401 2654 540 2730 pulvinos
554 2661 712 2731 expurget.

177 2745 331 2820 Quasinda
344 2746 456 2805 directe
470 2748 502 2805 in
516 2765 632 2806 amnem

175 2841 338 2900 Demersus
352 2839 454 2899 subter
468 2841 632 2918 vagabatur

176 2933 288 2993 Lutrae
302 2952 354 2993 eeu
367 2932 450 2992 libro
464 2952 605 3010 compar:

174 3027 243 3100 Vel,
257 3027 390 3087 humeris
403 3027 519 3086 tantdm
533 3034 664 3098 exstans,

174 3120 309 3180 Eruebat
322 3138 428 3193 ramos,
443 3120 570 3196 stipites,

174 3213 316 3271 Manibus
330 3214 469 3290 egerebat
482 3230 610 3284 arenam,

174 3306 306 3365 Pedibus
320 3306 489 3366 eradicabat
502 3306 609 3383 algam.

509 3417 529 3458 n
