2259 3800
341 268 471 313 crum
492 269 703 313 Hmws'rrmn.

218 426 351 485 Tandem
365 427 456 485 viridi
470 446 504 486 ac
518 447 623 487 croceo
637 429 747 487 vestitu

177 519 334 593 Quendam
348 522 440 579 sentit
453 522 668 602 adolescentem

176 613 237 672 Per
250 632 434 690 purpureum
447 615 655 691 crepusculum
668 616 828 692 appropin-

297 726 397 783 quare,

176 799 237 858 Per
251 800 424 876 splendores
438 801 556 859 occidui
570 801 650 859 solis.

177 892 285 951 Fronti
298 893 388 968 hujus
402 894 557 952 imminent
571 895 679 954 cristae
693 896 816 966 virides,

62 1018 64 1021 v
177 984 287 1063 Capilli
301 987 468 1045 mollissimi
481 1005 554 1046 auro
568 989 712 1048 relucent.
777 990 781 997 ’

177 1078 216 1137 In
230 1087 333 1155 aperto
347 1081 424 1139 ostio
438 1089 539 1139 astam

178 1172 369 1231 Hiawatham
382 1175 501 1250 aspexit
515 1175 576 1247 diu,

178 1265 307 1325 Marcidi
321 1265 423 1324 vultus
437 1259 602 1326 miserensz

178 1359 263 1433 Mox,
277 1360 408 1419 molliter
421 1368 457 1419 ut
470 1361 586 1420 Auster
600 1363 748 1437 quondam

177 1451 238 1511 Per
252 1455 389 1512 arborum
403 1455 556 1512 cacumine
570 1456 708 1531 suspirat,

178 1545 247 1604 Tuli
260 1564 343 1618 voce,
359 1549 378 1579 “
389 1546 417 1606 Ο
430 1547 594 1606 Hiawaths
607 1546 642 1606 !”
663 1549 769 1625 inquit,

174 1641 197 1681 -“
205 1638 257 1697 Ad
271 1639 385 1698 coelum
397 1646 466 1699 tuae
479 1641 655 1718 pertingunt
668 1658 780 1719 preces,

178 1730 258 1804 Quia
271 1733 453 1808 neutiquam,
468 1740 502 1790 ut
515 1734 616 1807 ceteri,
632 1753 708 1808 oras,

179 1824 245 1884 Aut
258 1831 293 1883 ut
306 1829 414 1885 virere
427 1827 555 1904 peritius

178 1918 246 1977 Aut
257 1926 292 1977 ut
306 1919 420 1996 piscere
434 1921 606 1995 prosperius
620 1945 629 1992 3

178 2011 287 2087 Neque
299 2018 335 2069 ut
348 2012 380 2069 in
394 2010 496 2089 pugni
510 2013 659 2087 devincas,

178 2104 222 2162 Et
236 2104 314 2163 inter
327 2105 484 2164 bellatores
498 2106 660 2177 clarescas3

117 2262 121 2272 ¹
180 2195 240 2257 Sed
253 2205 288 2256 ut
301 2197 412 2275 populo
425 2200 523 2275 prosis
537 2206 598 2272 tuo,

58 2263 63 2271 ,
176 2290 280 2366 Atque
294 2292 406 2349 omneis
420 2292 543 2367 populos
556 2294 636 2352 bees.

178 2383 210 2441 A
223 2383 352 2442 Domino
365 2383 456 2442 Vitae
471 2386 661 2458 descendens,

178 2475 303 2534 Homini
317 2477 428 2536 amicus
443 2476 569 2552 Zednus,

177 2568 301 2628 Venite
315 2571 530 2645 admoniturus,

178 2661 314 2735 Quonam
322 2663 481 2722 ‘decertans
495 2671 583 2740 pacto

178 2755 296 2832 Rogata
308 2763 342 2813 tu
357 2764 409 2815 tua
423 2758 552 2816 evincas.

121 2850 124 2857 “
177 2847 205 2906 Ε
219 2847 342 2907 frondeo
356 2849 447 2908 cubili
461 2851 629 2928 insurgens,

177 2940 306 3014 Mecum,
322 2940 349 3002 Ο
363 2943 543 3018 adolescens,
559 2945 672 3005 luctare
685 2946 692 3004 l
704 2947 721 2973 '⁹

216 3035 386 3109 Hiawatha,
402 3035 480 3095 fame
493 3038 660 3114 languidus,

176 3127 204 3186 E
217 3127 341 3187 frondeo
355 3130 447 3188 cubili
461 3148 619 3207 assurgens

176 3221 214 3281 In
227 3222 345 3281 occidui
359 3223 429 3281 solis
442 3224 565 3282 rubores

175 3314 304 3388 Prodiit,
319 3334 386 3375 cum
401 3316 498 3375 Zeano
511 3316 688 3377 luctaturus.

175 3407 247 3485 Ipso
260 3410 449 3468 recreabatur
463 3417 611 3483 contactu,

494 3505 549 3562 n2

909 255 945 313 35
