2259 3800
14 157 168 211 ,58

334 152 502 231 Siouphtcr
514 151 612 230 ostie
628 148 781 230 Scrpcuts.

252 329 424 408 Serpentsis
438 327 529 388 celeri
542 346 632 387 cursu
643 327 754 404 igneos,

210 423 332 501 Ingenti
345 429 497 499 protentos
512 439 635 498 corpore

210 516 314 592 Ipsum
328 522 411 574 trans
421 514 535 574 aditum
549 519 696 586 contorto,

211 608 394 669 commotam
409 626 462 684 per·
475 627 583 684 aquam
596 604 797 682 splendentsis

211 701 320 761 Cuiatis
333 700 507 760 ardentibus
522 700 656 771 sublatis,

211 794 417 869 Nebulumque
431 811 605 869 vaporosam
618 777 848 863 craestuanteis,

211 887 340 947 Accedit
353 886 530 955 Hiawutha3
550 893 582 944 et
595 886 762 962 intrepidus

211 981 345 1057 Arrepto
358 999 428 1040 arcu
442 979 580 1038 fraxineo

214 1075 345 1152 sagittas
358 1075 473 1150 iaspare
487 1074 635 1150 praefixas

212 1169 297 1227 Inter
311 1169 476 1245 serpenteis
489 1166 631 1244 profudit.

213 1261 338 1335 Quoties
351 1280 462 1321 nervus
476 1258 609 1320 insonuit
618 1260 709 1333 arcui,

214 1355 317 1415 Toties
331 1356 473 1415 acclamat
485 1373 548 1413 vox
561 1353 633 1413 belli
646 1377 654 1424 ;

213 1448 338 1523 Quoties
349 1449 450 1509 stridit
463 1467 503 1508 ex
515 1467 588 1507 arcu
602 1449 721 1525 sagitta,

213 1542 317 1603 Toties
330 1550 424 1602 morte
437 1541 530 1618 ejulat
543 1560 683 1618 serpens:

213 1636 317 1695 Donec
330 1654 433 1695 omnes
445 1652 542 1711 nuper
552 1634 634 1711 ignei

215 1729 254 1788 In
268 1726 393 1788 omenta
403 1724 481 1804 aqua
495 1726 669 1785 volutantur

214 1822 396 1892 Exanimes;
415 1839 470 1898 per
483 1839 557 1895 quos
571 1816 733 1878 Hiuwatha

216 1915 397 1978 collaudans
410 1915 536 1974 celerem
550 1914 686 1991 cymbam

214 2009 362 2068 Hortatur
374 2009 406 2067 in
419 2009 536 2084 piceum
549 2007 669 2067 flumen.

215 2102 342 2161 Proram
355 2103 425 2161 sebo
439 2101 621 2177 acipenseris

215 2196 265 2255 Ac
275 2196 368 2255 latera
381 2194 472 2272 probe
486 2194 639 2269 perunxit,

215 2290 262 2350 Ut
274 2307 328 2365 per
340 2296 453 2348 atrores
467 2288 611 2347 velociter

163 2408 167 2418 ·
216 2380 501 2442 Praeterveheretnr
514 2381 614 2458 stagni
624 2380 713 2456 picei.

257 2475 367 2535 Totam
379 2492 433 2552 per
445 2480 563 2533 noctem
577 2471 737 2551 navigabat

217 2566 279 2629 Illt
290 2585 379 2646 super
392 2564 469 2644 aqut
483 2565 577 2644 segni,

219 2660 287 2724 Situ
301 2648 466 2723 seculorum
479 2655 617 2731 obducti,

216 2755 327 2815 Juncis
340 2752 407 2814 atri
419 2751 669 2830 putrescentibus,

218 2847 366 2910 Gladiolis
379 2866 414 2906 sc
428 2845 507 2904 foliis
520 2845 646 2904 liliaceis

218 2939 361 3014 Rancidis
377 2946 542 3018 stagnante,
558 2938 691 3014 inanimi,

218 3031 361 3106 Horrida,
375 3033 476 3102 tristi3
496 3051 586 3108 quam
597 3031 746 3092 lustrabat

218 3127 337 3187 Pullide
351 3146 508 3188 coruscans
522 3123 594 3185 luna

218 3220 263 3281 Et
276 3219 360 3278 fatua
371 3219 489 3297 paludis
502 3219 609 3292 lux,-

220 3311 348 3386 Qualem
360 3311 491 3372 lemures
502 3312 671 3371 accendunt
683 3310 785 3390 ignens
906 3307 908 3316 ’
