2259 3800
335 152 465 196 mm
485 151 697 197 newsum.

170 310 339 389 Ingenium,
354 309 593 386 pulcritudinem,
602 308 778 386 juventae:

171 403 282 463 Vestes
296 404 443 462 duntaxat
455 404 602 463 devenere
615 404 844 481 splendidiores,

172 494 308 559 Candidis
321 504 441 556 ornatae
451 494 613 557 mustelinir

172 589 214 650 Et
224 585 324 667 pennt
336 589 487 650 relucente
500 587 652 667 argentee

173 683 277 760 Ipsum
290 689 321 741 et
334 683 487 759 tugurium
500 690 546 741 est
559 690 706 745 mutatum
719 704 730 745 t

173 775 253 836 Nam
266 793 321 853 pro
334 775 442 852 ligneis
451 777 524 835 teeti
537 776 712 841 tibicinibus

174 867 347 947 Argenteae
360 867 515 945 fulgebant
524 871 655 945 perticae
667 893 680 940 ς

175 961 295 1038 Proque
310 962 420 1021 cortice
434 962 519 1032 tecti,
531 962 634 1039 tegula

172 1053 396 1114 Lucebatvelut
409 1073 547 1130 squameo
561 1057 792 1119 scarabaeorum.

174 1146 269 1207 Porro
279 1166 352 1205 vasa
364 1148 464 1225 lignea
472 1168 507 1207 ac
520 1149 627 1208 fictilia

175 1240 212 1299 Iu
222 1241 376 1300 coccinum
385 1241 527 1301 muricem
537 1243 700 1317 pretiosum

175 1335 385 1411 Argentumve
399 1333 432 1391 in
441 1352 549 1408 purum
560 1342 761 1399 suntmututa.

180 1426 239 1488 Sed
250 1426 358 1499 casula,
369 1427 492 1502 abrepta
501 1427 553 1487 illo
567 1429 691 1504 impetu,
822 1487 827 1496 ,

176 1520 237 1580 Per
251 1519 356 1577 uubeis
369 1538 567 1596 vaporemque
581 1521 763 1596 pellucidum

178 1612 352 1672 Vorticibus
365 1630 503 1675 aurarum
512 1611 632 1687 jactata,

178 1705 313 1766 Tandem
323 1705 402 1764 inter
416 1706 570 1765 caelesteis
580 1707 752 1783 splendores

182 1798 244 1861 Sub
260 1799 428 1875 vespertino
442 1799 538 1860 sidere
552 1802 680 1875 quievit,

179 1894 225 1956 Ut
236 1894 290 1952 nix
301 1894 333 1953 in
346 1894 447 1955 nivem
460 1893 637 1969 demittitur,

182 1988 228 2049 Ut
242 1986 348 2045 folium
355 1986 441 2063 aquis
455 1986 569 2049 insidit.

223 2085 241 2113 ‘⁴
251 2080 301 2140 Ibi
311 2087 396 2157 pater
405 2079 510 2141 Ossaei
522 2081 700 2155 lenissimus,

182 2174 323 2237 Crinibus
336 2174 452 2234 enitens
465 2178 625 2251 argenteis,

182 2266 281 2327 Vultu
295 2266 346 2325 ille
357 2284 479 2326 serenus
487 2273 593 2328 tenere

183 2360 296 2421 Filium
305 2359 479 2435 complexus
490 2360 616 2435 excipit.

183 2454 253 2515 Illic
267 2472 320 2529 per
329 2453 472 2529 plurimos
480 2471 573 2514 annos

186 2546 249 2608 Sub
259 2546 420 2621 tranquillo
433 2543 567 2620 ejusdem
579 2564 673 2622 regno

184 2644 390 2721 'I'ranquillam
402 2643 550 2721 degebant
562 2651 689 2704 aetatem

186 2737 315 2799 Ossaeus
329 2745 361 2796 et
370 2736 509 2798 Owienia
520 2755 589 2796 cum
602 2737 778 2801 volucribus

189 2832 258 2893 Suis
269 2830 405 2889 affinibus
413 2831 577 2906 protervis.

186 2925 285 3001 Atqui
299 2923 410 2984 Ossaeo
424 2922 561 2984 Owienia
574 2922 674 2985 fidefis

187 3019 298 3078 Filium
312 3018 429 3094 peperit
441 3018 679 3087 dilectissimum,

188 3111 248 3186 Qui
262 3107 357 3170 sormi
371 3110 602 3187 pulcritudinem
615 3109 729 3182 mauis,

188 3205 316 3285 Ingenio
329 3212 443 3282 patrem
456 3203 616 3265 referebat.

188 3299 269 3362 Puer
278 3299 339 3373 hic,
352 3316 425 3358 arcu
437 3297 563 3374 sutelis.
660 3353 663 3358 4

900 137 939 199 77
