2259 3800
301 170 307 180 ·
333 124 464 201 clauus
485 138 694 190 mausum.

212 309 251 369 In
265 299 420 364 nocturnis
434 294 505 355 fessi
518 282 636 349 castris.

212 394 300 461 Luni
314 392 460 454 albicabat
472 391 532 457 air,

212 490 338 556 Umbris
350 482 509 562 migrabant
521 490 626 552 aquae,

218 586 398 657 circumque
412 575 523 635 colicos
536 560 723 627 infestissimi

218 676 336 738 Bellico
350 677 440 731 cantu
453 666 618 725 consonant
631 679 639 728 3

219 773 263 832 Et
276 766 387 827 faculm
401 778 470 821 suas
482 770 602 823 muscae
614 751 766 810 flammeae

220 863 360 942 Agitant,
374 854 485 915 erroris
497 848 642 914 illicium3

223 958 266 1016 Et
277 961 417 1014 mnarum
430 951 521 1022 caput
533 939 746 1017 turpissimum,

224 1051 306 1111 Luce
319 1044 469 1105 sublustre
482 1031 603 1115 pallidi,
619 1050 621 1054 ⁴

225 1141 329 1204 Flavio
342 1153 410 1197 cum
423 1139 567 1193 contuens
580 1124 675 1185 oculis

227 1238 304 1297 Mox
317 1252 349 1292 se
362 1247 431 1289 cum
443 1224 579 1302 singultu
592 1215 741 1279 demersit.

226 1325 388 1403 Extemplo
402 1320 484 1381 mille
497 1315 579 1375 sibili

231 1424 327 1500 Super
340 1414 485 1496 palustria
497 1409 686 1472 ferebantur;

230 1516 356 1576 Necnon
369 1510 458 1568 srdea
470 1506 503 1563 in
516 1500 652 1577 margine
660 1493 772 1571 junceo

231 1610 343 1671 Herois
356 1603 516 1663 adventum
529 1593 633 1672 procul
646 1588 775 1648 nuntiet.

275 1701 326 1763 Sic
338 1698 390 1758 ille
403 1696 441 1754 sd
455 1692 611 1753 Orientem
624 1679 777 1761 processit,

235 1799 339 1858 Donec
352 1792 425 1850 luna
438 1788 469 1846 iu
483 1786 584 1843 infimo
597 1777 681 1838 coelo

236 1889 340 1951 Vacuo
353 1882 467 1960 torpuit
480 1877 592 1937 lumine
605 1894 614 1944 ς

240 1983 300 2047 Sed
314 1980 359 2042 sol
371 1975 447 2055 pone
461 1968 679 2032 calentissimus

238 2078 389 2136 Homeros
403 2063 569 2127 incedentis
581 2057 725 2119 adurebat
738 2075 747 2124 ς

239 2170 282 2230 Et
294 2170 327 2227 in
341 2163 422 2226 clivo
435 2181 453 2220 a
465 2159 565 2217 fronte
579 2153 696 2213 sublato

225 2306 228 2314 ,
241 2263 381 2339 Appisret
393 2253 547 2331 tugurium
559 2248 697 2307 relucens

242 2352 371 2416 Maximi
383 2349 516 2425 magicae
529 2340 663 2401 artificis.

243 2449 323 2509 Dein
337 2448 444 2504 iterum
458 2438 594 2517 cymbam
607 2434 753 2501 hortatur,

245 2542 338 2616 Quae,
352 2536 471 2615 penitus
483 2530 586 2590 nervis
599 2530 754 2595 commota,

244 2636 316 2697 Uno
329 2630 472 2709 pervicax
486 2625 563 2684 saltu

247 2728 402 2796 Liliorum,
417 2721 535 2791 nidum,
546 2716 708 2792 juncorum

248 2818 405 2897 Implexfis
418 2811 594 2889 superavit}
610 2814 643 2867 et
654 2800 737 2863 illiso

249 2914 289 2974 In
301 2907 369 2987 ripis
381 2908 508 2969 ulterius
522 2898 602 2962 sicci

250 3006 362 3067 Astitit
374 2999 530 3064 incolumis
543 2989 715 3053 Hiawatha.

290 3098 433 3160 Protinus
447 3114 466 3152 a
477 3089 629 3149 relucente
643 3080 765 3159 tugurio
891 3089 894 3102 ’

252 3191 435 3270 Degreditur
448 3200 552 3261 mogus
564 3176 717 3248 terribilis,

255 3287 412 3357 Procerus,
422 3277 555 3339 humoris
569 3271 741 3342 latissimus,
840 3303 850 3309 „
