2259 3800
332 162 462 206 GABMEN
484 159 694 202 unwanum.

173 321 238 393 Ille,
254 320 301 377 sui
314 321 469 395 impotens,
485 317 614 376 fanatico

172 414 325 490 Abreptus
339 412 467 471 venandi
481 413 605 488 impetu,

171 506 344 583 Insequitur
357 522 411 581 per
425 512 558 577 ventum,
574 522 627 581 per
642 502 788 575 nebulam,

173 599 210 658 In
222 599 317 676 glacie
330 598 435 656 subtus
449 594 572 673 perfidi.

175 692 234 753 Sed
247 692 326 750 infra
340 692 496 750 daemones
510 690 582 748 mili

173 785 415 862 Opperiebantur
429 784 611 855 insidiantes,

174 878 215 936 Et
228 877 324 955 glacie
338 877 462 953 pedibus
477 872 618 934 suffractd

173 969 289 1046 Corpus
306 969 435 1028 infelicis
448 969 613 1027 hauserunt

172 1061 237 1122 Ima
251 1063 282 1120 in
296 1060 387 1121 areni
401 1062 574 1120 conditumr

176 1156 225 1217 Sic
238 1157 323 1214 illum
336 1157 368 1214 in
381 1155 464 1214 lacds
478 1156 600 1232 gurgite

173 1249 283 1309 Obruit
296 1249 456 1326 Neptunus
473 1248 660 1307 Dacotansis.

213 1343 260 1401 At
273 1362 289 1401 e
303 1342 504 1418 promontorio
518 1341 682 1399 Hiawatha

173 1436 286 1495 Vocem
299 1444 360 1493 tam
374 1436 491 1511 plenam
504 1452 615 1511 angore

175 1528 308 1603 Tamque
322 1528 487 1586 terribilem
500 1526 643 1602 profudit,

175 1621 220 1680 Ut
232 1622 374 1679 benassus
388 1638 489 1679 aurem
502 1620 678 1692 admoverit,

173 1713 219 1773 Ut
232 1713 296 1790 lupi
310 1732 326 1771 e
339 1714 433 1789 pratis
447 1713 636 1785 ululaverint,

173 1806 214 1865 Et
226 1807 406 1883 longinquus
419 1807 566 1883 evigilans
580 1808 709 1865 tonitrus

172 1899 323 1960 Luctucsd
336 1920 409 1960 voce
423 1900 620 1977 responderit.

174 1996 253 2055 Tum
268 2004 436 2068 crusmate,
452 1996 594 2054 obvolute
607 1999 713 2072 capite,

172 2088 211 2147 In
225 2090 344 2166 tugurio
358 2091 395 2147 ad
410 2089 569 2165 septimum
582 2090 748 2148 nundinum

174 2180 354 2241 Considebat
368 2200 484 2258 semper
497 2181 673 2241 lamentans:

179 2277 196 2305 “
208 2274 345 2333 Decessit
357 2276 537 2334 musicorum
551 2276 751 2348 suavissimus,

173 2367 205 2425 Α
218 2368 303 2426 nobis
317 2368 469 2427 aeternum
483 2369 636 2427 discessit:

176 2458 235 2519 Sed
249 2460 286 2518 ad
300 2480 446 2519 summum
458 2460 628 2521 harmoniae
641 2463 816 2538 magistrum

173 2553 303 2630 Propius
318 2556 437 2612 tandem
450 2555 602 2631 aliquante

173 2646 319 2722 Migravit
331 2666 414 2706 meus
429 2647 522 2707 frater
536 2648 727 2708 Chibiabus.”

212 2739 311 2817 Igitur
325 2742 388 2817 pini
402 2759 419 2799 e
433 2741 523 2800 viridi
537 2742 720 2819 nigricantes

175 2832 303 2891 Tetricis
317 2834 534 2911 plangebantur
547 2836 682 2908 flabellis,

171 2925 327 3002 Purpurea
339 2936 484 2987 metantes
499 2936 683 2999 nucamenta,

174 3016 330 3076 Communi
343 3019 468 3079 tristitiis
481 3022 591 3091 tristes,

175 3109 341 3183 Quarentes
355 3114 490 3173 tenerum
504 3131 539 3171 ac
552 3113 699 3172 flebiliter.

213 3204 293 3264 Vere
307 3207 492 3278 adveniente,
508 3206 585 3264 silva
598 3208 737 3266 universa

175 3296 354 3358 Chibiabum
367 3300 531 3377 anquisivit
544 3301 751 3376 nequidquam.

507 3412 528 3454 a

902 143 937 200 81
