2259 3800
332 121 470 173 ,cuum
489 121 698 167 murrum.

216 278 352 339 Finierat
365 280 456 358 lego:
479 287 568 357 atque
584 279 737 352 eonvivue,

103 388 106 396 '
175 372 248 432 Post
262 372 399 448 plausum
408 373 577 448 multosque
590 374 679 445 risus,

175 466 295 525 Modico
308 466 449 541 quievere
464 465 633 525 intervallo.

213 558 291 616 Mox
306 559 415 617 iterum
428 559 537 617 eeoinit
551 557 715 618 Chibiobus

178 650 289 711 Tendri
303 671 422 711 oormen
436 652 578 711 desiderii
593 674 603 722 3

176 743 221 804 Ut
235 743 316 803 dulei
330 763 404 804 voce
417 741 589 821 moestique

177 835 274 915 Virgo
288 837 325 896 de
339 856 392 897 suo
405 846 536 897 ornatore

177 929 371 1008 Algonquino
384 930 518 990 tenerum
532 930 638 1007 ploret.

217 1021 368 1096 “Quando
382 1025 418 1083 de
431 1030 527 1082 amoto
540 1042 606 1083 meo
618 1022 753 1095 meditor,
820 1076 825 1083 .

180 1114 230 1175 Sio
243 1117 352 1175 misero
361 1117 442 1175 intus
455 1116 638 1192 pronuncio:

178 1207 276 1281 Illum,
292 1211 328 1270 de
342 1229 401 1286 quo
415 1229 465 1269 eor
479 1211 648 1283 meditatur,

178 1300 411 1385 Corculumssso
424 1322 523 1362 meum
536 1301 772 1381 Algonquinum.

216 1398 235 1428 “
244 1392 312 1469 Qud
325 1416 379 1456 nos
392 1394 475 1470 hori,
489 1396 549 1455 heu
561 1397 569 1454 1
591 1396 786 1467 discessimus,

178 1482 321 1548 Cistellam
334 1489 409 1547 mihi
422 1508 439 1548 e
453 1489 566 1548 murice
579 1489 699 1547 niveam

176 1580 237 1641 Pro
251 1582 374 1658 pignore
388 1582 465 1641 collo
476 1582 672 1641 circumdedit

178 1673 337 1736 Corculum
351 1695 448 1735 meum
461 1674 698 1753 Algonquinum.

221 1771 239 1801 “
251 1769 362 1828 Tecum
375 1768 423 1828 ibo
438 1779 522 1828 tuom
536 1770 579 1827 od
585 1770 745 1848 patriam:
831 1826 833 1831 ⁴

179 1860 353 1924 Susurrovit
366 1863 517 1923 ooroulum
530 1881 638 1924 meum.

177 1955 287 2033 Lonqe
302 1957 472 2035 lonqinquo
485 1967 531 2015 est
541 1957 647 2036 patria
660 1976 736 2030 meo,

178 2048 350 2126 Respondi:
364 2050 401 2110 ⁴0
415 2051 457 2108 mi
470 2049 688 2128 Alqonquine!

219 2133 239 2175 “¹
251 2143 290 2201 In
301 2143 432 2202 discessu
446 2143 564 2219 quondo
578 2162 634 2221 ego
647 2144 777 2221 respexi,
806 2149 810 2154 ’
827 2147 830 2152 “

177 2234 234 2295 Ille
249 2236 320 2295 ioem
334 2236 365 2293 in
379 2254 426 2294 ms
438 2237 625 2311 respiciebat,

175 2329 276 2405 Prope
288 2330 422 2390 arborem
434 2330 467 2387 in
479 2325 558 2405 aqud
570 2328 738 2407 prolapsum

178 2423 303 2497 Asteris,
320 2422 347 2483 Ο
360 2442 458 2483 meum
472 2424 624 2483 ooroulum
637 2422 645 2482 i

222 2519 240 2549 “
249 2517 357 2593 Itaque
371 2516 408 2576 de
422 2515 619 2595 Algonquino
632 2534 697 2576 meo

180 2609 334 2687 Cogitons,
349 2611 391 2670 sio
405 2611 487 2670 intus
501 2610 686 2688 pronuncio:

179 2702 281 2774 Illum,
295 2722 423 2779 quocum
436 2723 487 2763 oor
500 2704 741 2780 commoditatur„

180 2796 285 2857 Meum
298 2817 363 2857 esse
375 2799 500 2857 miserae
514 2798 695 2858 ooroulum.’'

224 2889 274 2951 Sie
287 2891 358 2949 elmi
372 2891 560 2950 celebrabunt
571 2891 715 2951 convivae
824 2939 827 2942 .

182 2977 320 3046 Festivus
334 2986 512 3048 Hiawathse
522 2984 654 3061 nuptias.

183 3078 318 3139 Tandem
328 3080 435 3155 dilupsi
444 3080 631 3156 reliquerunt

183 3172 375 3233 Hiswuthom
388 3168 574 3233 Minnehuhd
588 3177 769 3254 conpertum
