2259 3800
166 233 206 291 48
448 231 641 291 Hiawatlsn's
655 231 746 291 Bont.

247 407 290 465 Vi
304 402 398 465 multia
411 412 511 465 erutas
525 422 564 465 ex
578 406 669 465 humo

250 501 328 561 eum
341 501 449 559 cortice
464 498 529 577 ipsit
543 501 669 573 consuit,

251 593 328 655 Cum
341 596 516 671 compagine
529 595 652 652 astricte
665 593 797 671 colligat.

291 686 340 767 (4)
382 691 401 720 “
411 688 583 746 Balsamum
597 688 635 745 da
648 688 750 760 mihi,”
764 687 871 764 inquit,

253 785 272 814 “
281 783 480 858 Resinamque
495 789 585 854 tuam,
601 780 629 841 Ο
643 781 745 841 abies!

252 871 320 947 Qua
334 882 452 932 suturas
466 882 546 932 arcte
560 873 737 951 conjungam
809 868 813 873 ’

251 967 355 1026 Fluvii
368 967 478 1026 undam
491 967 674 1039 exclusuras,

250 1060 300 1119 Ne
314 1060 481 1137 irrumpens
495 1078 541 1117 me
555 1058 760 1119 madefaciat.”

290 1153 394 1229 Atque
407 1154 488 1212 abies
502 1171 626 1229 procera
639 1160 670 1211 et
684 1153 798 1229 pullata

250 1246 311 1306 Per
324 1247 474 1323 nigrantia
487 1266 541 1305 sua
554 1247 733 1305 vestimenta
747 1247 917 1323 suspiravit,

249 1339 408 1416 Instarque
421 1339 531 1398 littoris
544 1341 654 1416 lapillis
668 1341 839 1418 plangentis

250 1433 339 1491 Fletu
352 1433 489 1493 luctuoso
503 1434 676 1510 respondit:

251 1524 362 1602 “Ergo
375 1526 537 1584 balsamum
551 1534 584 1583 tu
598 1526 699 1602 capias
712 1526 838 1585 meum.”

290 1618 397 1694 Itaque
409 1619 532 1677 balsami
547 1620 627 1695 cepit
637 1618 784 1677 lacrumas

250 1711 293 1769 Et
305 1714 433 1769 resinam
447 1731 485 1770 ex
500 1712 598 1769 abiete
610 1710 743 1782 multam,

253 1803 370 1878 Quibus
384 1805 477 1862 oblita
490 1822 685 1880 unaquaeque
700 1810 805 1862 sutura

251 1899 300 1958 Ac
317 1900 393 1957 rima
405 1898 580 1957 excluderet
593 1917 709 1974 aquam.

293 1993 342 2074 (5)
382 1999 400 2027 “
414 1995 523 2071 Spinas
536 1992 612 2053 mihi
626 2003 677 2053 tuo
691 2013 731 2054 ex
745 2011 877 2071 corpore,

252 2087 280 2149 O
294 2088 468 2161 Erinacee,”
482 2088 589 2164 inquit,
606 2089 671 2147 “da
685 2096 807 2147 cunctas
821 2111 829 2157 ;

252 2181 369 2254 Quibus
382 2181 519 2240 collarem
534 2180 661 2241 fabricer
675 2182 810 2240 catellam
823 2216 826 2221 -

251 2275 301 2333 Ac
314 2274 468 2352 cingulum
482 2275 595 2333 Veneri
609 2295 700 2349 meae,

251 2368 393 2445 Duasque
407 2369 507 2427 stellas
521 2369 704 2429 thoraceas.''

291 2461 342 2519 Ex
356 2459 430 2521 cavat
442 2463 546 2521 arbore
560 2462 726 2521 Erinaceus

251 2554 355 2614 Oculis
369 2556 619 2631 circumspectans
633 2556 806 2626 veternosis,

252 2646 369 2723 Spinas,
385 2650 559 2725 sagittarum
574 2650 676 2720 instar,

250 2742 344 2800 Humi
359 2742 504 2800 lucenteis
518 2740 657 2817 projecit,

249 2835 310 2895 Par
324 2837 485 2912 implexam
498 2835 616 2893 narium
629 2834 751 2892 barbam

249 2927 335 2987 Inter
348 2947 468 3005 sopores
483 2946 687 2986 murmurans:

251 3021 361 3098 “Ergo
376 3022 476 3097 capias
490 3028 523 3078 tu
538 3022 640 3096 spinas
653 3020 762 3078 meas.''

289 3114 347 3172 Ille
361 3132 400 3172 ex
414 3116 504 3172 humo
518 3114 656 3172 collectas
672 3113 772 3189 spinas

250 3206 397 3266 Radicum
411 3227 446 3266 ac
460 3208 617 3265 baccamm
631 3224 719 3266 succo

250 3301 358 3359 Tinxit
372 3301 404 3357 in
419 3302 518 3358 varios
531 3301 654 3372 colores,

252 3392 398 3464 Rubrum,
413 3393 571 3466 caerulum,
587 3410 732 3452 croceum.
