2259 3800
501 781 647 847 CAPUT
661 782 722 847 IIL

441 954 640 998 fluwlrm
654 955 817 998 PUERITIA.

322 1093 409 1154 Onu
422 1096 595 1171 vespertino
606 1096 784 1172 arepuseulo

320 1189 358 1248 In
372 1189 475 1249 diebus
489 1190 637 1249 oblivione
651 1191 765 1263 deletis,

320 1282 359 1340 In
373 1283 479 1343 seculis
492 1281 633 1343 memorii
646 1284 764 1359 elapsis,

320 1373 416 1435 Plena
426 1372 497 1436 lund
510 1377 622 1436 decidit
630 1377 785 1445 Noetmis,

320 1468 504 1529 Pulcerrlm
514 1471 548 1529 N
549 1471 659 1529 oedmis
671 1470 792 1542 decidit,

319 1562 467 1635 Matrona,
483 1564 535 1621 sed
547 1564 678 1622 nondum
691 1570 793 1621 mater.

361 1653 420 1714 Illa
433 1675 500 1714 eum
514 1657 629 1714 ancillis
643 1656 763 1714 ludebat

322 1746 471 1807 Oscillans
485 1766 501 1807 e
514 1745 651 1807 labruscis
664 1748 781 1824 pensili,

322 1838 448 1913 Quando
461 1841 554 1918 ipsius
569 1841 683 1901 aemula
695 1848 783 1918 atque
797 1840 907 1912 invida,

324 1934 434 1993 Dolore
448 1935 584 2011 repulsae
597 1943 739 2011 permota,

319 2018 474 2086 ⁴Pendulus
487 2028 613 2086 abscidit
626 2029 788 2100 resticulas,

323 2119 464 2179 Remulos
477 2121 629 2179 labruscae
644 2126 802 2180 contortos.

324 2213 411 2273 Illieo
425 2215 584 2290 perterrita
597 2214 738 2272 Noeomie

325 2307 504 2383 Vespertino
518 2307 692 2384 crepusculo
706 2307 818 2366 decidit

326 2399 365 2459 In
377 2400 514 2460 floridum
528 2402 607 2477 prati
621 2401 776 2478 gremiuna

327 2493 403 2551 “En
415 2493 423 2552 l
445 2495 530 2553 stella
544 2495 624 2554 eadit
639 2494 674 2553 :”
688 2494 827 2569 inquiunt
840 2493 957 2570 passim.

329 2589 348 2619 “
361 2584 454 2647 Stella
467 2588 504 2646 de
517 2589 599 2646 eoelo
612 2587 691 2645 eadit
705 2586 845 2646 seilicet.'’

368 2680 426 2752 Ibi,
440 2682 518 2739 inter
531 2681 625 2739 filices
638 2698 673 2739 ae
685 2698 819 2739 museum

327 2772 430 2849 Atque
443 2774 521 2832 inter
533 2773 599 2831 lilia
612 2773 770 2849 pratensis,

327 2865 388 2924 Per
401 2884 519 2942 campos
533 2866 708 2925 immensum
720 2866 840 2925 floridos

327 2956 413 3022 Luat
427 2959 579 3036 stellisque
593 2960 767 3019 sublustreis

328 3053 439 3112 Pulcra
451 3054 593 3113 Noeomie
607 3053 698 3111 liliam
711 3052 814 3125 edidit,

330 3144 426 3218 Quam
439 3147 602 3223 appellavit
614 3146 836 3222 Primigeniam,

330 3236 418 3311 Quee
431 3247 509 3298 esset
523 3240 580 3298 sibi
594 3239 768 3314 primigena.

327 3330 412 3389 Haec
425 3333 607 3407 pratensium
619 3331 749 3388 liliorum
761 3332 856 3389 instar

330 3422 461 3484 Preeera
473 3424 652 3506 gracilisque
664 3423 804 3495 adolevit,
