2259 3800
323 296 329 310 ,
351 258 482 303 caannr
502 256 712 302 nmwsrnnn.
913 243 952 300 23

229 416 329 477 Juxta
342 417 450 475 ostium
463 416 577 475 aestivo
591 435 715 492 vespere

189 509 315 571 Casulae
328 511 476 568 assidebat
489 529 600 586 parvus
614 511 784 582 Hiawatha,

189 602 374 662 Auscultans
387 604 524 679 pinorum
539 622 675 662 susurros

189 696 357 772 Leneisque
369 697 515 754 undarum
529 696 636 770 illisus,

193 788 288 850 Sonos
302 808 433 862 canoros,
447 790 536 848 miras
550 808 648 849 voces.

191 882 403 956 Minaewawa,
419 883 558 941 dicebant
571 884 637 960 pini
651 905 659 952 ;

191 975 412 1054 Maduayuscu,
427 976 645 1052 respondebant
659 976 764 1035 undae.

231 1069 312 1128 Dein
325 1088 378 1146 per
392 1070 598 1146 crepusculum
612 1070 776 1128 flammeam
790 1087 921 1128 muscam

193 1161 378 1221 volitantem
391 1162 563 1238 aspiciebat,
579 1162 665 1238 cujus
680 1162 811 1221 candela¹

195 1253 319 1332 Spincta
332 1256 495 1330 dumosque
509 1255 688 1316 illustrabat.

194 1347 273 1406 Tum
286 1348 434 1425 puerilem
448 1349 586 1406 cantabat
599 1351 743 1421 naeniam,

193 1440 289 1514 Quam
302 1441 379 1500 alma
392 1442 536 1500 Nocomis
551 1443 617 1518 ipsa
629 1444 780 1501 docuerat.

193 1535 370 1594 “Flammea
383 1554 493 1607 musca,
508 1536 635 1594 candida
648 1535 791 1594 volitans!
860 1578 861 1581 η

193 1628 263 1686 Mea
276 1627 424 1704 fulgidula
437 1628 628 1702 saltatricula,
725 1701 729 1710 ι

195 1719 328 1793 Sursum,
340 1721 485 1794 deorsum,
501 1721 613 1780 circum
627 1720 821 1781 salisubsulal

193 1814 273 1871 Mihi
286 1814 424 1890 praeluce
434 1811 533 1873 saculi
545 1816 671 1888 nictans,

192 1909 364 1985 Antequam
377 1911 454 1968 lecto
468 1912 599 1969 membra
611 1930 762 1988 reponam,

192 2004 364 2079 Antequam
379 2021 480 2060 somno
494 2004 632 2062 claudam
646 2004 786 2063 lumina.'’

233 2100 350 2158 Lunam
365 2099 437 2157 item
451 2100 572 2157 videbat
585 2101 652 2158 lacu
667 2115 840 2175 exsurgere,

195 2194 245 2252 Ex
259 2193 344 2268 aquis
357 2193 475 2269 rugosis
490 2209 521 2249 se
535 2192 702 2265 incurvare,

195 2286 324 2346 Masulis
338 2286 509 2359 umbrisque
518 2286 681 2343 variatam:

195 2379 274 2438 Tum
287 2378 476 2436 susurrabat:
500 2376 609 2449 “Quid
621 2377 687 2450 hoc,
702 2376 829 2436 Nocomi
841 2374 854 2434 i
864 2376 880 2403 ’⁹

192 2472 298 2548 Neque
313 2472 389 2529 alma
402 2470 544 2529 Nocomis
557 2489 617 2528 non
631 2469 847 2546 respondebat:

197 2564 338 2623 “Vetula
352 2564 468 2623 scilicet
481 2564 513 2621 in
526 2560 615 2622 Luni
628 2563 779 2621 recubat.''

234 2656 349 2716 Arcum
362 2656 499 2733 pluvium
513 2657 629 2732 quoties
644 2656 762 2714 videret

194 2750 268 2810 Late
282 2756 453 2827 protentum
465 2749 670 2823 lucentemque
684 2749 716 2806 in
729 2747 820 2817 coelo,

194 2842 392 2904 susurrabat:
415 2844 432 2873 “
446 2841 527 2915 Quid
540 2849 640 2900 autem
653 2842 720 2913 hoc,
734 2838 862 2899 Nocomi
874 2836 887 2894 ἲ
899 2838 915 2864 ”

195 2936 301 3012 Atque
316 2935 368 2993 illa
380 2936 518 3012 protinus
529 2935 601 2993 talia
613 2933 827 3011 respondebat:

195 3028 293 3087 “Illic
307 3027 450 3105 effulgent
463 3028 551 3086 flores
564 3028 670 3085 renati.

194 3120 348 3195 Quidquid
362 3128 408 3179 est
420 3121 526 3179 florum
540 3121 573 3177 in
587 3116 665 3178 silvia
678 3119 867 3190 incultorum,

195 3213 350 3290 Quidquid
363 3214 492 3271 liliorum
506 3213 657 3270 immensis
671 3213 703 3269 in
716 3213 828 3288 pratis3

194 3307 359 3384 Postquam
373 3308 405 3366 in
418 3307 525 3366 tellure
539 3314 749 3379 emarcescunt,

197 3400 259 3463 Suo
272 3402 305 3461 in
318 3401 423 3481 Elysio
437 3418 564 3477 superne
577 3398 711 3460 florent.'’
