2259 3800
343 258 476 303 onnunn
496 258 709 301 nmwarnnn.
910 244 950 301 45

184 416 398 476 Tenerioribus
412 417 607 493 eloquebatur
620 419 762 477 numeris.

183 509 304 587 Quippe
316 510 440 568 canebat
454 511 491 569 de
505 529 578 586 paee
593 529 628 569 ao
642 511 789 583 libertate,

182 605 229 663 De
240 611 405 675 venustate,
421 604 618 679 suspiriisque
632 607 750 679 amoris,

181 697 229 755 De
242 703 345 769 morte,
361 697 457 772 deque
471 694 536 755 vitia
549 698 581 754 in
596 698 704 756 insulis

181 790 247 848 Illis
261 791 418 849 beatorum
431 791 601 863 immortali,

182 882 221 940 In
234 882 334 959 Regni
348 880 428 942 terri
442 883 561 942 Futuri.

221 976 400 1036 Uerissimus
415 995 486 1034 sane
499 976 682 1036 Hiawathae

185 1069 259 1128 Fuit
272 1070 323 1128 ifle
337 1070 414 1128 lenis
429 1067 605 1142 Ohibiabus,

184 1161 325 1222 Omnium
338 1163 538 1238 peritissimus
552 1164 691 1235 musicae,

186 1253 328 1314 Omnium
342 1263 463 1314 oantme
477 1255 676 1314 dulcissimus.

183 1349 274 1408 Hune
287 1357 409 1425 propter
422 1349 576 1408 lenitatem
590 1348 733 1425 diligebat

181 1442 223 1500 Et
236 1435 358 1518 prepter
371 1460 490 1500 earmen
504 1441 689 1500 effascinane.

183 1535 228 1593 At
241 1554 327 1593 carus
342 1534 400 1592 fuit
415 1537 489 1594 item
503 1535 683 1594 Hiawathae

185 1629 359 1686 Mortalium
372 1629 575 1687 validissimus
591 1626 752 1700 Quasinda,

185 1721 227 1780 Vi
241 1723 373 1797 eorporis
387 1722 476 1798 longe
491 1729 660 1779 ceterorum
710 1770 712 1773 .

185 1814 286 1873 Vireis
300 1816 452 1873 hominum
466 1833 662 1890 exsuperans.

186 1909 277 1967 Hune
291 1910 371 1985 ipsas
386 1909 423 1966 ob
438 1909 529 1967 vireis
544 1909 697 1986 diligebat,

187 2000 306 2078 Quippe
319 2020 418 2061 merae
430 2002 558 2059 bonitati
572 2002 715 2062 addiotas.

188 2093 248 2167 Qui
262 2097 383 2171 quidem
395 2096 517 2153 arbores
531 2097 669 2170 portabat
681 2095 814 2169 humero,

189 2187 301 2248 Cedros
314 2195 455 2264 tanquam
469 2188 587 2247 lanceas
601 2187 780 2265 projiciens:

187 2281 277 2339 Retia
290 2282 404 2358 digitis,
418 2289 453 2339 ut
467 2289 636 2354 stramenta,
653 2284 817 2358 rumpebat,

187 2374 229 2432 Et
243 2376 378 2450 seopulos
392 2374 515 2432 eruebat
529 2393 546 2432 e
560 2375 690 2433 sedibus.

187 2467 225 2525 In
239 2468 366 2526 deoursu
380 2467 475 2525 amnis
489 2468 595 2542 rapido
609 2468 769 2544 Pautingis

189 2560 348 2618 Fibrorum
363 2560 478 2637 Regem
491 2567 525 2618 ut
539 2560 618 2617 vidit
630 2560 802 2634 luctantem,

188 2652 269 2710 Imos
283 2654 316 2711 in
329 2655 465 2730 gurgites
479 2652 631 2711 demersus
646 2653 712 2729 ipse

190 2744 315 2804 Fibrum
327 2747 433 2805 retulit
446 2746 534 2804 undis
548 2746 732 2805 suffocatum.

211 2873 213 2879 ·
230 2839 304 2898 Tale
319 2839 387 2912 fuit,
401 2846 436 2897 ut
449 2840 621 2912 memoravi,

186 2931 248 2990 Par
262 2934 424 2990 amicorum
437 2932 627 2991 Hiawathae.

188 3025 251 3083 Diu
264 3027 425 3085 concordes
439 3027 587 3102 degerunt

189 3117 285 3178 Corde
299 3126 401 3195 aperto
415 3119 627 3193 oolloquentes,

189 3212 270 3270 Dum
284 3213 363 3271 inter
377 3231 409 3272 se
422 3212 516 3269 multa
530 3211 714 3288 excogitant,

189 3305 235 3364 Ut
247 3306 391 3365 humanas
405 3312 583 3382 prosperent
596 3305 723 3383 genteis.
