2259 3800
987 5 1115 171 Ἴ

196 275 232 332 1s
473 275 653 338 russea
674 278 774 364 mna.

272 451 375 529 Atque
390 454 421 512 in
435 454 499 514 dies
513 452 708 530 impotentius
720 452 898 531 flagrantiis

273 544 474 607 Flavicomam
486 548 641 606 adamabat
655 547 812 623 virginem

275 638 334 700 Sed
348 642 485 719 pinguior
499 642 657 719 segnisque
670 641 796 699 nimium

272 732 326 791 Ad
341 735 521 810 procandum
531 753 592 793 non
606 753 637 793 se
652 735 816 793 concitabat
829 757 838 803 ;
872 788 884 815 ‚

272 825 318 887 Ut
331 829 469 904 persequi
483 835 572 904 atque
586 828 698 887 ambire
712 826 852 886 feminam

270 918 371 979 Nimis
386 940 484 980 socors
495 927 582 997 atque
596 921 717 980 otiosus.

272 1011 379 1089 Itaque
393 1015 585 1073 contuebatur
599 1014 800 1072 tantummodo

274 1105 442 1180 Residebat,
457 1107 632 1184 suspirabat,
646 1107 806 1184 exoptabat

274 1198 405 1258 Herbosi
419 1202 514 1277 campi
526 1200 708 1278 Nympham.

313 1292 366 1365 At,
380 1294 466 1353 miani
480 1295 608 1370 quodam
621 1294 653 1350 in
667 1292 833 1368 Aquilones
847 1300 1000 1364 contuens,

272 1384 381 1444 Flavos
394 1387 485 1463 hujus
499 1387 652 1445 cincinnos
666 1386 785 1461 aspexit

272 1480 406 1540 Mutatos
420 1488 508 1558 atque
521 1480 657 1539 albedine
671 1480 810 1551 obtectos,

274 1571 367 1645 Quasi
380 1575 499 1632 nivibus
514 1581 666 1632 concretos
682 1573 908 1631 candidissimis.

271 1666 370 1727 -“0
384 1668 425 1724 mi
436 1667 527 1725 irater
540 1685 556 1725 e
571 1664 653 1724 terri
669 1665 908 1742 septentrionali,

271 1757 347 1817 Albi
360 1778 452 1836 regno
468 1758 615 1830 Cuniculi,

274 1852 323 1912 Tu
337 1854 465 1930 puellam
478 1853 552 1911 mihi
567 1853 736 1930 surripuisti

272 1946 367 2030 Manu
381 1948 440 2006 huc
450 1943 614 2024 longinqui
626 1948 815 2023 pertingens:

274 2039 323 2098 Tu
336 2039 444 2099 fabulis
458 2040 518 2098 tuis
534 2039 818 2116 septentrionalibus

272 2132 429 2210 Virginem
442 2152 537 2192 meam
551 2133 744 2192 conciliasti.’'

314 2226 364 2287 Sic
378 2245 465 2303 aeger
479 2227 570 2285 animi
579 2227 726 2288 Aestivus

273 2319 410 2378 Moerore
424 2307 597 2379 incendebat
611 2340 707 2380 auras

272 2413 402 2489 Jamque
414 2413 528 2474 Auster
540 2433 594 2490 per
608 2415 751 2472 immensa
765 2421 918 2491 pratorum

273 2507 464 2585 Evagabatur
477 2508 613 2584 suspiriis
625 2507 768 2579 fervidus,

272 2600 490 2677 Impotentibus
503 2600 623 2659 Aestivi
638 2602 774 2678 suspiriis
787 2622 795 2659 ε

272 2694 376 2753 Donec
389 2699 440 2753 air
452 2701 594 2770 tanquam
607 2695 727 2753 nivibus
741 2695 877 2767 effloruit,

273 2786 385 2864 Puppis
399 2787 575 2846 carduorum
588 2787 788 2865 lanuginosus,

273 2880 429 2959 Virgoque
443 2880 495 2938 illa
503 2880 612 2956 jubare
631 2882 738 2940 crinita

273 2973 301 3032 Ε
315 2981 399 3050 prato
412 2974 533 3033 evanuit
546 2992 668 3049 prorsus
681 2998 690 3043 ;

272 3066 380 3143 Neque
394 3085 523 3142 unquam
536 3067 656 3143 postillis
670 3067 816 3128 Aestivus

274 3159 473 3219 Flavicomam
486 3162 606 3236 aspexit
619 3161 777 3239 virginem
809 3163 816 3174 “

317 3252 344 3313 Ο
358 3252 432 3311 fulse
443 3253 506 3329 spei
520 3253 669 3313 Aestivo!

273 3346 344 3406 Non
357 3346 496 3405 feminam
506 3353 540 3405 tu
554 3348 744 3423 prospexisti,

274 3438 346 3499 Non
361 3439 509 3515 virginem
523 3440 660 3515 suspiriis
673 3439 816 3518 expetisti
829 3466 838 3510 ς
