2259 3800
354 278 483 327 osenna
503 280 714 325 mnwnrnnn.
918 267 952 323 ll

234 440 313 500 Tum
326 439 431 499 bellioo
442 446 532 498 oantu
545 437 669 516 longdm
681 455 844 515 personans

194 532 319 594 Clavem
332 532 469 591 bellicam
479 532 606 592 sublime
615 537 758 591 retortam

131 702 136 706 .
193 627 301 687 Defert
311 649 320 695 ;
343 633 374 685 et
387 626 501 702 Regem
515 624 643 685 feramm

193 716 297 779 Medio
309 723 341 779 in
355 719 453 778 fronte
466 718 582 778 direoto

192 811 279 888 Ipsos
293 814 371 872 inter
385 811 485 870 oeulos
499 812 640 888 pereutit.

234 904 356 966 Seilioet
368 905 513 964 attonitus
526 904 613 981 gravi
627 904 690 962 ictu

192 996 340 1076 Surgebat
352 1016 440 1057 ursus
453 998 559 1074 ingens
573 1002 729 1056 montanus
740 1017 750 1055 ε

192 1088 252 1150 Sed
264 1092 400 1168 genubus
410 1090 512 1149 subter
525 1091 721 1150 trementibus

191 1182 332 1245 Feminae
346 1185 440 1243 instar
454 1182 593 1259 ejulabat,

189 1275 399 1355 Vertiginosus
412 1290 448 1337 a'e
461 1277 594 1337 titubans
607 1294 752 1353 prorsum,

191 1368 267 1428 Mox
280 1372 400 1433 natibus
413 1371 577 1447 suppositis
591 1370 734 1430 insidens.

191 1460 238 1520 At
250 1463 426 1542 Megioeius,
439 1463 555 1540 pollens
568 1463 602 1527 vi
615 1460 724 1536 validi,

190 1553 298 1615 (loram
311 1557 477 1633 intrepidus
490 1562 599 1628 astans,

191 1646 304 1726 Magni
317 1649 471 1711 deridebat
483 1666 566 1722 veae,

191 1739 278 1800 Talia
291 1742 486 1820 dedignanter
499 1743 660 1820 ingerens:

232 1833 413 1908 “Ausculta
427 1835 529 1896 Ursel
550 1842 585 1894 tu
599 1852 672 1894 vero
685 1834 886 1912 praetimidos,

189 1925 306 2004 Neque,
322 1928 438 2004 qualem
451 1935 482 1987 te
496 1928 662 2003 simulabas,
676 1929 848 1990 bellatores

192 2018 250 2092 Tu,
264 2021 317 2095 qui
330 2020 423 2097 ejulas
436 2021 595 2097 plorasque

190 2110 331 2172 Feminae
344 2113 438 2171 instar
451 2114 640 2176 miserabilis.

189 2204 286 2265 Ureei
311 2212 381 2263 tuus
395 2206 522 2282 populus
535 2224 677 2282 meusque
691 2204 799 2285 (nisti)

190 2296 306 2357 Infesto
319 2298 351 2356 in
360 2298 438 2357 bello
452 2299 646 2358 oolluotamur
661 2300 722 2359 diu.

190 2388 214 2450 J
214 2409 272 2464 am,
286 2391 357 2466 quia
369 2398 500 2451 nostram
513 2392 575 2450 vim
589 2393 716 2452 senseris
730 2392 938 2469 praevalidam,

196 2480 259 2543 Sub
272 2477 394 2543 latebris
409 2484 552 2543 silvarum
565 2490 675 2560 reptas,

190 2575 252 2635 Per
264 2577 391 2638 monteis
404 2582 435 2637 te
448 2577 606 2636 abseondis
619 2576 790 2654 ignobilem.

191 2670 244 2729 Me
258 2671 284 2729 si
297 2676 331 2728 tu
345 2672 377 2729 in
390 2668 493 2748 pugni
506 2672 639 2742 vioisses,

189 2762 316 2822 Nullum
329 2781 384 2841 ego
398 2765 542 2840 gemitum
555 2764 725 2823 edidissem.

191 2854 237 2914 At
251 2862 294 2929 tu,
310 2854 440 2929 OUrse,
452 2857 585 2916 assidens
599 2857 707 2933 ploras,

190 2947 339 3025 Fletuque
352 2948 512 3012 dedecoras
525 2956 644 3026 gentem
656 2957 747 3023 tuam,

192 3039 304 3100 Peotus
315 3057 468 3119 exsangue
483 3042 696 3116 semianimum,

191 3132 305 3194 Vetuld
317 3132 465 3195 imbeoilli
478 3153 538 3194 non
551 3134 686 3194 fortius.”

232 3227 312 3287 Dein
325 3228 434 3289 iterum
448 3227 562 3286 olavam
575 3228 694 3301 extulit,

191 3317 296 3397 Atque
309 3321 419 3380 iterum
432 3321 546 3398 Regem
560 3319 689 3382 ferarum

191 3409 295 3474 Medio
308 3413 339 3473 iu
353 3412 451 3475 fronte
460 3416 620 3490 pereussit,
