2259 3800
334 195 336 201 y
369 142 499 187 osanna
519 143 729 189 mswnrnsr.

205 299 356 359 Maximos
370 301 534 377 serpenteis
548 302 652 379 igneos

205 386 365 453 Contortos
378 395 584 471 ludenteisque
597 396 708 468 videas,

205 484 351 546 Custodes
365 487 446 545 illius
460 489 646 547 tremendos:

203 576 265 637 Ast
276 598 355 656 aqua
367 581 466 658 stagni
479 582 563 658 picea

203 674 306 753 Longe
320 675 438 752 lateque
451 683 517 734 atra
529 675 675 752 pertingit

201 767 255 826 Ad
268 786 432 845 purpureas
446 786 540 844 usquo
554 768 659 827 nubeis
673 768 815 845 vesperis.

202 860 387 921 Teterrimns
400 862 452 920 ille
464 880 618 938 magorum
631 863 762 923 omnium

198 954 228 1014 E
242 955 399 1030 paludibus
413 954 525 1017 febrem
538 955 693 1032 albamque
706 953 852 1028 nebulam,

200 1047 371 1129 Venenatos
384 1048 513 1125 pestium
523 1067 657 1124 vapores,

200 1139 277 1201 Cum
289 1142 392 1202 morbo
404 1161 440 1201 ao
452 1150 547 1201 morte
560 1142 646 1200 nobis
660 1141 805 1200 immittit.

198 1233 282 1311 Ergo
295 1234 410 1294 clavam
422 1253 494 1311 cape
508 1241 597 1311 atque
611 1252 712 1293 arcum

199 1325 275 1387 Cum
289 1328 406 1406 sagittis
421 1328 536 1404 iaspare
549 1327 699 1404 praefixis,

197 1418 389 1498 Caestusque,
403 1429 434 1481 et
447 1422 596 1480 betuleam
609 1419 744 1498 cymbam

198 1511 276 1573 Sebo
289 1514 385 1590 squali
397 1514 491 1573 latera
500 1521 683 1591 perunctam,

196 1606 242 1666 Ut
255 1625 309 1683 per
322 1614 450 1667 atrorem
459 1626 554 1684 aquae
568 1609 670 1685 piceae

194 1698 348 1760 Velociter
361 1707 583 1777 praeterveetus
597 1704 714 1762 occidas

194 1792 318 1870 Magum
330 1794 410 1853 hunc
423 1794 691 1871 immisericordem,

192 1884 236 1945 Et
248 1886 391 1965 populum
404 1907 421 1946 e
436 1886 517 1947 febre
530 1888 647 1963 liberes,

192 1978 289 2053 Quam
302 1999 319 2041 e
332 1981 406 2040 locis
419 1982 577 2063 uliginosis
587 1983 735 2044 exhalat.”

233 2072 321 2133 Illico
334 2081 407 2132 tuno
420 2074 582 2134 Hiawatha
595 2094 679 2135 meus

192 2166 304 2226 Parata
318 2185 350 2226 se
363 2167 471 2226 bellico
481 2168 636 2243 instruxit,

191 2260 234 2319 Et
245 2260 394 2319 betuleam
402 2261 530 2320 deduxit
543 2263 687 2339 cymbam.

191 2351 293 2430 Hujus
303 2353 397 2413 latera
409 2373 499 2413 manu
512 2354 655 2432 palpavit,

192 2444 361 2523 Laetnsque
373 2445 429 2507 “O
443 2466 509 2506 mea
520 2447 527 2505 l
538 2448 554 2475 ”
569 2449 676 2524 inquit,

191 2540 281 2600 “Ubi
294 2539 397 2618 igneos
412 2548 563 2616 serpentes
577 2542 703 2614 videbis,

188 2631 251 2693 Ubi
265 2632 382 2709 piceum
395 2634 514 2706 flumen,
530 2635 695 2710 prosilito.'’

228 2726 306 2786 Tum
320 2746 457 2804 prorsum
469 2729 573 2787 exsilit
587 2729 700 2807 cymba,

188 2817 389 2897 Sublimisque
402 2822 494 2880 animi
507 2822 669 2881 Hiawatha
727 2875 729 2878 .

186 2912 318 2973 'histem
331 2915 396 2974 eino
409 2933 491 2974 more
505 2922 624 2975 cantum
637 2916 708 2974 belli

186 3003 309 3084 clangit
323 3027 331 3066 z
352 3009 404 3067 sed
417 3008 519 3067 voltur
529 3026 665 3085 superne,

182 3098 259 3158 Alos
273 3100 325 3159 ille
338 3100 411 3159 belli
424 3100 580 3173 maximus,

182 3191 360 3253 Volucrium
373 3196 509 3254 dominns
523 3200 730 3272 perustarum,

186 3282 322 3347 Stridens
336 3288 451 3348 caelum
463 3287 609 3369 pervolat.
712 3371 718 3377 ‚

938 124 976 189 67
