2259 3800
191 228 227 284 14

464 225 528 285 Tse
542 224 647 285 North
668 227 767 287 Wiad.

271 397 430 475 Appirent
443 398 504 459 uni
517 399 686 459 incedentes

270 492 441 552 Matutinus
454 512 488 552 ae
504 491 598 554 Stella
610 493 768 552 Matutine„

520 755 568 836 (a)
582 755 682 836 Aqua
701 801 708 817 .

311 951 358 1010 At
371 969 441 1010 vero
454 956 541 1008 atrox
552 949 604 1008 ille
617 949 761 1009 Aretieus

270 1044 358 1103 Inter
371 1043 475 1102 meleis
488 1043 641 1120 glacialeis
654 1042 816 1114 habitabat,

271 1137 356 1196 Inter
368 1137 464 1195 niveis
478 1143 567 1196 vento
581 1141 767 1195 coacervatas

271 1228 427 1301 Aeternas,
441 1230 493 1287 ubi
507 1229 647 1288 candidos
661 1247 748 1306 agros

271 1321 422 1383 Candidus
436 1322 550 1381 obtinet
564 1322 739 1382 cuniculus.

271 1414 329 1474 Ille
342 1415 538 1474 Auatumnali
551 1434 639 1473 manu

271 1507 357 1566 Folia
370 1509 492 1567 arborea
506 1508 646 1585 pingebat
654 1525 757 1579 eecce,

272 1600 378 1659 Russis
393 1601 579 1677 distinguens
593 1619 628 1658 ae
642 1601 731 1657 lfiteis
745 1597 877 1658 maculis.

272 1693 330 1752 Ille
343 1711 396 1769 per
410 1693 517 1750 silvam
529 1692 657 1751 nivaleis
670 1692 785 1765 floccos,

274 1785 380 1845 cribro
394 1803 447 1843 suo
461 1786 608 1857 decussas,
624 1784 787 1843 sibilanteis
800 1785 945 1844 mittebat.

275 1877 403 1940 Galabat
417 1884 530 1954 stagna,
544 1878 636 1951 laesis,
651 1878 783 1947 amneis3

272 1970 423 2048 Abigebat
437 1973 469 2029 in
481 1970 637 2029 Australis
649 1990 785 2048 mergum
797 1990 832 2030 aa
845 1971 974 2048 gaviam.

274 2062 406 2124 Corvum
419 2064 470 2122 ille
483 2064 631 2121 marinum
645 2064 820 2141 ardeamque
835 2065 873 2124 ad
886 2062 971 2121 nidos

270 2154 298 2215 E
313 2157 410 2214 cariae
423 2164 512 2232 atque
525 2153 596 2233 algis
608 2164 792 2217 constructos

270 2248 308 2307 In
321 2248 443 2307 Aestivi
456 2267 548 2325 regna
562 2250 739 2325 depellebat.

312 2340 468 2414 Quondam
481 2348 570 2400 atrox
583 2343 633 2402 ille
646 2342 797 2415 Aretieus,

271 2434 299 2492 Ε
315 2435 486 2494 deversorio
500 2435 620 2493 nivibus
635 2444 776 2513 congesto

271 2524 383 2603 (Domo
397 2527 491 2603 ipsius
506 2527 640 2607 glatiali)
655 2547 803 2604 egressus,

272 2617 391 2679 Crineis
406 2639 474 2679 snos
489 2617 599 2696 pruini
612 2639 786 2695 conspersos

272 2710 346 2770 Atri
360 2714 500 2772 torrentis
515 2714 634 2774 hiberni
648 2714 743 2772 instar

271 2804 319 2863 De
333 2805 499 2865 cervicibus
514 2806 660 2881 promisit,

271 2896 354 2955 Dum
367 2898 484 2957 ululans
498 2899 613 2975 ingruit
627 2900 659 2956 in
671 2898 821 2958 Austrina

274 2986 396 3049 Gelatos
410 2991 595 3068 superiectis
609 2998 640 3050 et
652 3000 770 3052 rusceta
783 2992 937 3051 montium.

312 3081 380 3141 Illic
393 3085 499 3143 mediis
512 3085 544 3143 in
558 3085 741 3144 arundinetis

273 3174 395 3233 Invenit
409 3175 586 3255 Oolymbum
598 3179 789 3250 minatorem,

273 3267 389 3327 Pisaeis
402 3268 452 3327 filo
466 3289 615 3329 connexos
628 3288 706 3346 pone
719 3288 751 3328 se
765 3270 932 3329 trahentem

275 3358 398 3422 Gelatas
412 3380 500 3438 super
514 3363 637 3439 paludes
651 3363 802 3439 elisosque
816 3363 966 3431 humid0s3
