<?xml version="1.0" encoding="UTF-8"?>
<!DOCTYPE html PUBLIC "-//W3C//DTD XHTML 1.0 Transitional//EN"
    "http://www.w3.org/TR/xhtml1/DTD/xhtml1-transitional.dtd">
<html xmlns="http://www.w3.org/1999/xhtml" xml:lang="en" lang="en">
 <head>
  <title>
</title>
<meta http-equiv="Content-Type" content="text/html;charset=utf-8" />
  <meta name='ocr-system' content='tesseract 3.04.00' />
  <meta name='ocr-capabilities' content='ocr_page ocr_carea ocr_par ocr_line ocrx_word'/>
</head>
<body>
  <div class='ocr_page' id='page_1' title='image "./hiawatharendere00newmgoog_0038.png"; bbox 0 0 2259 3800; ppageno 0'>
   <div class='ocr_carea' id='block_1_1' title="bbox 192 255 802 331">
    <p class='ocr_par' dir='ltr' id='par_1_1' title="bbox 192 255 802 331">
     <span class='ocr_line' id='line_1_1' title="bbox 192 255 802 331; baseline 0.007 -5"><span class='ocrx_word' id='word_1_1' title='bbox 192 255 231 326; x_wconf 71' lang='lat'><strong>28</strong></span> <span class='ocrx_word' id='word_1_2' title='bbox 433 263 614 331; x_wconf 72' lang='lat' dir='ltr'><strong>Vesittotte</strong></span> <span class='ocrx_word' id='word_1_3' title='bbox 628 268 694 329; x_wconf 81' lang='lat' dir='ltr'><strong>For</strong></span> <span class='ocrx_word' id='word_1_4' title='bbox 714 268 802 331; x_wconf 73' lang='lat' dir='ltr'><strong>West.</strong></span> 
     </span>
    </p>
   </div>
   <div class='ocr_carea' id='block_1_2' title="bbox 263 445 928 3482">
    <p class='ocr_par' dir='ltr' id='par_1_2' title="bbox 263 445 928 3482">
     <span class='ocr_line' id='line_1_2' title="bbox 273 445 800 521; baseline 0.002 -18"><span class='ocrx_word' id='word_1_5' title='bbox 273 445 393 520; x_wconf 86' lang='lat' dir='ltr'><strong>Iaspare</strong></span> <span class='ocrx_word' id='word_1_6' title='bbox 404 446 560 521; x_wconf 85' lang='lat' dir='ltr'><strong>praefixae,</strong></span> <span class='ocrx_word' id='word_1_7' title='bbox 576 445 682 521; x_wconf 90' lang='lat' dir='ltr'><strong>pennis</strong></span> <span class='ocrx_word' id='word_1_8' title='bbox 696 445 800 517; x_wconf 83' lang='lat' dir='ltr'><strong>elatae,</strong></span> 
     </span>
     <span class='ocr_line' id='line_1_3' title="bbox 276 537 782 616; baseline -0.002 -18"><span class='ocrx_word' id='word_1_9' title='bbox 276 537 389 598; x_wconf 84' lang='lat' dir='ltr'>Sumsit</span> <span class='ocrx_word' id='word_1_10' title='bbox 402 558 488 615; x_wconf 89' lang='lat' dir='ltr'><strong>porro</strong></span> <span class='ocrx_word' id='word_1_11' title='bbox 502 546 618 598; x_wconf 77' lang='lat' dir='ltr'><strong>caestus</strong></span> <span class='ocrx_word' id='word_1_12' title='bbox 633 539 782 616; x_wconf 84' lang='lat' dir='ltr'><strong>digitaleis</strong></span> 
     </span>
     <span class='ocr_line' id='line_1_4' title="bbox 273 630 815 708; baseline 0.002 -19"><span class='ocrx_word' id='word_1_13' title='bbox 273 631 376 708; x_wconf 82' lang='lat' dir='ltr'><strong>Atque</strong></span> <span class='ocrx_word' id='word_1_14' title='bbox 389 651 489 692; x_wconf 87' lang='lat' dir='ltr'><strong>ocreas</strong></span> <span class='ocrx_word' id='word_1_15' title='bbox 503 633 534 690; x_wconf 91' lang='lat' dir='ltr'><strong>vi</strong></span> <span class='ocrx_word' id='word_1_16' title='bbox 548 630 664 708; x_wconf 70' lang='lat' dir='ltr'><strong>magici</strong></span> <span class='ocrx_word' id='word_1_17' title='bbox 678 633 815 690; x_wconf 88' lang='lat' dir='ltr'><strong>imbutas.</strong></span> 
     </span>
     <span class='ocr_line' id='line_1_5' title="bbox 312 723 862 784; baseline 0.002 -1"><span class='ocrx_word' id='word_1_18' title='bbox 312 723 483 784; x_wconf 80' lang='lat' dir='ltr'><strong>Admonens</strong></span> <span class='ocrx_word' id='word_1_19' title='bbox 498 725 577 782; x_wconf 83' lang='lat' dir='ltr'>dixit</span> <span class='ocrx_word' id='word_1_20' title='bbox 590 725 690 784; x_wconf 86' lang='lat' dir='ltr'><strong>vetula</strong></span> <span class='ocrx_word' id='word_1_21' title='bbox 703 725 862 784; x_wconf 84' lang='lat' dir='ltr'><strong>Nocomis:</strong></span> 
     </span>
     <span class='ocr_line' id='line_1_6' title="bbox 274 817 797 894; baseline 0.004 -19"><span class='ocrx_word' id='word_1_22' title='bbox 274 817 458 876; x_wconf 85' lang='lat' dir='ltr'><strong>“Hiawatha</strong></span> <span class='ocrx_word' id='word_1_23' title='bbox 472 818 479 876; x_wconf 90' lang='lat' dir='ltr'><strong>l</strong></span> <span class='ocrx_word' id='word_1_24' title='bbox 505 825 609 876; x_wconf 82' lang='lat' dir='ltr'><strong>catelo</strong></span> <span class='ocrx_word' id='word_1_25' title='bbox 622 830 660 877; x_wconf 88' lang='lat' dir='ltr'><strong>ne</strong></span> <span class='ocrx_word' id='word_1_26' title='bbox 673 819 797 894; x_wconf 80' lang='lat' dir='ltr'><strong>prodeas</strong></span> 
     </span>
     <span class='ocr_line' id='line_1_7' title="bbox 272 909 802 988; baseline 0.006 -20"><span class='ocrx_word' id='word_1_27' title='bbox 272 909 311 968; x_wconf 93' lang='lat' dir='ltr'><strong>In</strong></span> <span class='ocrx_word' id='word_1_28' title='bbox 324 911 518 987; x_wconf 84' lang='lat' dir='ltr'><strong>longinquum</strong></span> <span class='ocrx_word' id='word_1_29' title='bbox 532 911 657 969; x_wconf 87' lang='lat' dir='ltr'><strong>Favonii</strong></span> <span class='ocrx_word' id='word_1_30' title='bbox 669 929 802 988; x_wconf 83' lang='lat' dir='ltr'><strong>regnum.</strong></span> 
     </span>
     <span class='ocr_line' id='line_1_8' title="bbox 272 996 696 1080; baseline 0.002 -19"><span class='ocrx_word' id='word_1_31' title='bbox 272 996 321 1061; x_wconf 84' lang='lat' dir='ltr'><strong>Ne</strong></span> <span class='ocrx_word' id='word_1_32' title='bbox 334 998 450 1080; x_wconf 73' lang='lat' dir='ltr'><strong>magici</strong></span> <span class='ocrx_word' id='word_1_33' title='bbox 462 1008 492 1063; x_wconf 87' lang='lat' dir='ltr'><strong>te</strong></span> <span class='ocrx_word' id='word_1_34' title='bbox 506 1010 570 1062; x_wconf 80' lang='lat' dir='ltr'><strong>arte</strong></span> <span class='ocrx_word' id='word_1_35' title='bbox 583 1004 696 1062; x_wconf 86' lang='lat' dir='ltr'><strong>necet.”</strong></span> 
     </span>
     <span class='ocr_line' id='line_1_9' title="bbox 314 1097 781 1172; baseline 0 -17"><span class='ocrx_word' id='word_1_36' title='bbox 314 1097 428 1155; x_wconf 86' lang='lat' dir='ltr'><strong>Tamen</strong></span> <span class='ocrx_word' id='word_1_37' title='bbox 444 1098 603 1155; x_wconf 87' lang='lat' dir='ltr'><strong>Hiawatha</strong></span> <span class='ocrx_word' id='word_1_38' title='bbox 616 1097 781 1172; x_wconf 88' lang='lat' dir='ltr'><strong>intrepidus</strong></span> 
     </span>
     <span class='ocr_line' id='line_1_10' title="bbox 274 1182 777 1261; baseline 0.004 -16"><span class='ocrx_word' id='word_1_39' title='bbox 274 1182 415 1248; x_wconf 79' lang='lat' dir='ltr'>Muliebri</span> <span class='ocrx_word' id='word_1_40' title='bbox 428 1191 541 1247; x_wconf 90' lang='lat' dir='ltr'><strong>monito</strong></span> <span class='ocrx_word' id='word_1_41' title='bbox 554 1204 613 1247; x_wconf 88' lang='lat' dir='ltr'><strong>non</strong></span> <span class='ocrx_word' id='word_1_42' title='bbox 623 1189 777 1261; x_wconf 70' lang='lat' dir='ltr'><strong>auscultat,</strong></span> 
     </span>
     <span class='ocr_line' id='line_1_11' title="bbox 275 1281 682 1359; baseline -0.005 -16"><span class='ocrx_word' id='word_1_43' title='bbox 275 1281 335 1343; x_wconf 87' lang='lat' dir='ltr'><strong>Sed</strong></span> <span class='ocrx_word' id='word_1_44' title='bbox 349 1284 379 1341; x_wconf 91' lang='lat' dir='ltr'><strong>in</strong></span> <span class='ocrx_word' id='word_1_45' title='bbox 394 1284 497 1342; x_wconf 88' lang='lat' dir='ltr'><strong>silvam</strong></span> <span class='ocrx_word' id='word_1_46' title='bbox 509 1303 540 1343; x_wconf 90' lang='lat' dir='ltr'><strong>se</strong></span> <span class='ocrx_word' id='word_1_47' title='bbox 554 1282 682 1359; x_wconf 83' lang='lat' dir='ltr'><strong>projicit,</strong></span> 
     </span>
     <span class='ocr_line' id='line_1_12' title="bbox 273 1374 782 1454; baseline -0.002 -18"><span class='ocrx_word' id='word_1_48' title='bbox 273 1374 437 1453; x_wconf 82' lang='lat' dir='ltr'><strong>Gigantum</strong></span> <span class='ocrx_word' id='word_1_49' title='bbox 451 1378 567 1436; x_wconf 79' lang='lat' dir='ltr'><strong>incessu</strong></span> <span class='ocrx_word' id='word_1_50' title='bbox 581 1374 782 1454; x_wconf 77' lang='lat' dir='ltr'><strong>progrediens.</strong></span> 
     </span>
     <span class='ocr_line' id='line_1_13' title="bbox 274 1468 695 1547; baseline 0 -20"><span class='ocrx_word' id='word_1_51' title='bbox 274 1468 419 1528; x_wconf 85' lang='lat' dir='ltr'><strong>Luridum</strong></span> <span class='ocrx_word' id='word_1_52' title='bbox 430 1480 555 1547; x_wconf 83' lang='lat' dir='ltr'><strong>superne</strong></span> <span class='ocrx_word' id='word_1_53' title='bbox 570 1471 695 1543; x_wconf 81' lang='lat' dir='ltr'><strong>caelum,</strong></span> 
     </span>
     <span class='ocr_line' id='line_1_14' title="bbox 272 1562 750 1635; baseline 0.004 -16"><span class='ocrx_word' id='word_1_54' title='bbox 272 1562 386 1621; x_wconf 84' lang='lat' dir='ltr'><strong>Luridu</strong></span> <span class='ocrx_word' id='word_1_55' title='bbox 400 1563 479 1622; x_wconf 91' lang='lat' dir='ltr'><strong>infra</strong></span> <span class='ocrx_word' id='word_1_56' title='bbox 491 1571 572 1622; x_wconf 78' lang='lat' dir='ltr'><strong>terra</strong></span> <span class='ocrx_word' id='word_1_57' title='bbox 585 1562 750 1635; x_wconf 80' lang='lat' dir='ltr'><strong>videbatur,</strong></span> 
     </span>
     <span class='ocr_line' id='line_1_15' title="bbox 271 1652 649 1731; baseline 0.005 -19"><span class='ocrx_word' id='word_1_58' title='bbox 271 1654 393 1731; x_wconf 86' lang='lat' dir='ltr'><strong>A&#39;e&#39;rque</strong></span> <span class='ocrx_word' id='word_1_59' title='bbox 407 1652 485 1714; x_wconf 85' lang='lat' dir='ltr'><strong>circa</strong></span> <span class='ocrx_word' id='word_1_60' title='bbox 499 1652 649 1728; x_wconf 81' lang='lat' dir='ltr'><strong>suffocare,</strong></span> 
     </span>
     <span class='ocr_line' id='line_1_16' title="bbox 273 1744 681 1825; baseline 0.002 -20"><span class='ocrx_word' id='word_1_61' title='bbox 273 1748 368 1806; x_wconf 84' lang='lat' dir='ltr'><strong>Fumo</strong></span> <span class='ocrx_word' id='word_1_62' title='bbox 381 1756 470 1824; x_wconf 85' lang='lat' dir='ltr'><strong>atque</strong></span> <span class='ocrx_word' id='word_1_63' title='bbox 484 1748 553 1825; x_wconf 79' lang='lat' dir='ltr'><strong>igne</strong></span> <span class='ocrx_word' id='word_1_64' title='bbox 568 1744 681 1823; x_wconf 86' lang='lat' dir='ltr'><strong>spissus</strong></span> 
     </span>
     <span class='ocr_line' id='line_1_17' title="bbox 272 1840 901 1916; baseline 0.003 -16"><span class='ocrx_word' id='word_1_65' title='bbox 272 1840 318 1901; x_wconf 86' lang='lat' dir='ltr'><strong>Ut</strong></span> <span class='ocrx_word' id='word_1_66' title='bbox 331 1847 481 1916; x_wconf 80' lang='lat' dir='ltr'><strong>pratorum</strong></span> <span class='ocrx_word' id='word_1_67' title='bbox 495 1856 529 1901; x_wconf 79' lang='lat' dir='ltr'><strong>ac</strong></span> <span class='ocrx_word' id='word_1_68' title='bbox 542 1850 694 1901; x_wconf 84' lang='lat' dir='ltr'><strong>nemorum</strong></span> <span class='ocrx_word' id='word_1_69' title='bbox 707 1840 901 1902; x_wconf 82' lang='lat' dir='ltr'><strong>incensorum.</strong></span> 
     </span>
     <span class='ocr_line' id='line_1_18' title="bbox 272 1934 715 2008; baseline 0 -16"><span class='ocrx_word' id='word_1_70' title='bbox 272 1934 394 1993; x_wconf 83' lang='lat' dir='ltr'>Etenim</span> <span class='ocrx_word' id='word_1_71' title='bbox 407 1936 487 1994; x_wconf 90' lang='lat' dir='ltr'><strong>intus</strong></span> <span class='ocrx_word' id='word_1_72' title='bbox 501 1955 551 1994; x_wconf 91' lang='lat' dir='ltr'><strong>cor</strong></span> <span class='ocrx_word' id='word_1_73' title='bbox 565 1935 715 2008; x_wconf 74' lang='lat' dir='ltr'><strong>urebatur,</strong></span> 
     </span>
     <span class='ocr_line' id='line_1_19' title="bbox 271 2025 726 2106; baseline 0.004 -20"><span class='ocrx_word' id='word_1_74' title='bbox 271 2027 366 2086; x_wconf 90' lang='lat' dir='ltr'><strong>Velut</strong></span> <span class='ocrx_word' id='word_1_75' title='bbox 379 2029 458 2086; x_wconf 85' lang='lat' dir='ltr'><strong>vivis</strong></span> <span class='ocrx_word' id='word_1_76' title='bbox 471 2030 576 2105; x_wconf 89' lang='lat' dir='ltr'><strong>prunis</strong></span> <span class='ocrx_word' id='word_1_77' title='bbox 588 2025 726 2106; x_wconf 82' lang='lat' dir='ltr'><strong>flagrans.</strong></span> 
     </span>
     <span class='ocr_line' id='line_1_20' title="bbox 268 2117 928 2199; baseline 0.002 -21"><span class='ocrx_word' id='word_1_78' title='bbox 268 2120 375 2196; x_wconf 89' lang='lat' dir='ltr'><strong>Itaque</strong></span> <span class='ocrx_word' id='word_1_79' title='bbox 389 2117 533 2196; x_wconf 86' lang='lat' dir='ltr'><strong>processit</strong></span> <span class='ocrx_word' id='word_1_80' title='bbox 546 2123 584 2180; x_wconf 90' lang='lat' dir='ltr'><strong>ad</strong></span> <span class='ocrx_word' id='word_1_81' title='bbox 599 2122 792 2182; x_wconf 79' lang='lat' dir='ltr'>Occidentem</span> <span class='ocrx_word' id='word_1_82' title='bbox 805 2133 928 2199; x_wconf 83' lang='lat' dir='ltr'><strong>semper,</strong></span> 
     </span>
     <span class='ocr_line' id='line_1_21' title="bbox 263 2214 777 2290; baseline 0.004 -18"><span class='ocrx_word' id='word_1_83' title='bbox 263 2214 440 2273; x_wconf 87' lang='lat' dir='ltr'><strong>Pernicibus</strong></span> <span class='ocrx_word' id='word_1_84' title='bbox 454 2216 551 2273; x_wconf 88' lang='lat' dir='ltr'><strong>cervis</strong></span> <span class='ocrx_word' id='word_1_85' title='bbox 565 2234 643 2290; x_wconf 92' lang='lat' dir='ltr'><strong>pone</strong></span> <span class='ocrx_word' id='word_1_86' title='bbox 656 2215 777 2289; x_wconf 87' lang='lat' dir='ltr'><strong>relictis,</strong></span> 
     </span>
     <span class='ocr_line' id='line_1_22' title="bbox 266 2307 751 2385; baseline 0.008 -20"><span class='ocrx_word' id='word_1_87' title='bbox 266 2307 383 2365; x_wconf 89' lang='lat' dir='ltr'><strong>Relicto</strong></span> <span class='ocrx_word' id='word_1_88' title='bbox 397 2308 554 2385; x_wconf 83' lang='lat' dir='ltr'><strong>antelapho</strong></span> <span class='ocrx_word' id='word_1_89' title='bbox 568 2327 603 2368; x_wconf 86' lang='lat' dir='ltr'><strong>ac</strong></span> <span class='ocrx_word' id='word_1_90' title='bbox 616 2311 751 2369; x_wconf 79' lang='lat' dir='ltr'><strong>bunasse.</strong></span> 
     </span>
     <span class='ocr_line' id='line_1_23' title="bbox 265 2400 742 2477; baseline 0 -19"><span class='ocrx_word' id='word_1_91' title='bbox 265 2400 425 2459; x_wconf 89' lang='lat' dir='ltr'><strong>Esconabii</strong></span> <span class='ocrx_word' id='word_1_92' title='bbox 440 2401 559 2477; x_wconf 79' lang='lat' dir='ltr'><strong>trajecit</strong></span> <span class='ocrx_word' id='word_1_93' title='bbox 572 2403 742 2473; x_wconf 78' lang='lat' dir='ltr'><strong>torrentem,</strong></span> 
     </span>
     <span class='ocr_line' id='line_1_24' title="bbox 265 2492 824 2570; baseline -0.002 -18"><span class='ocrx_word' id='word_1_94' title='bbox 265 2492 398 2568; x_wconf 86' lang='lat' dir='ltr'><strong>Trajecit</strong></span> <span class='ocrx_word' id='word_1_95' title='bbox 410 2496 573 2553; x_wconf 83' lang='lat' dir='ltr'><strong>maximum</strong></span> <span class='ocrx_word' id='word_1_96' title='bbox 586 2494 824 2570; x_wconf 80' lang='lat' dir='ltr'><strong>Missisippium;</strong></span> 
     </span>
     <span class='ocr_line' id='line_1_25' title="bbox 266 2587 880 2663; baseline 0.003 -19"><span class='ocrx_word' id='word_1_97' title='bbox 266 2587 342 2645; x_wconf 86' lang='lat' dir='ltr'><strong>Mox</strong></span> <span class='ocrx_word' id='word_1_98' title='bbox 355 2589 480 2646; x_wconf 89' lang='lat' dir='ltr'><strong>monteis</strong></span> <span class='ocrx_word' id='word_1_99' title='bbox 495 2603 664 2663; x_wconf 85' lang='lat' dir='ltr'><strong>camporum</strong></span> <span class='ocrx_word' id='word_1_100' title='bbox 677 2588 880 2655; x_wconf 77' lang='lat' dir='ltr'><strong>herbatorum,</strong></span> 
     </span>
     <span class='ocr_line' id='line_1_26' title="bbox 265 2676 856 2755; baseline 0 -16"><span class='ocrx_word' id='word_1_101' title='bbox 265 2678 469 2755; x_wconf 79' lang='lat' dir='ltr'><strong>Corvinosque</strong></span> <span class='ocrx_word' id='word_1_102' title='bbox 483 2693 517 2738; x_wconf 85' lang='lat' dir='ltr'><strong>ac</strong></span> <span class='ocrx_word' id='word_1_103' title='bbox 530 2676 680 2755; x_wconf 78' lang='lat' dir='ltr'><strong>Vulpinos</strong></span> <span class='ocrx_word' id='word_1_104' title='bbox 694 2679 856 2755; x_wconf 68' lang='lat' dir='ltr'><strong>praeteriit,</strong></span> 
     </span>
     <span class='ocr_line' id='line_1_27' title="bbox 265 2772 719 2849; baseline 0.004 -19"><span class='ocrx_word' id='word_1_105' title='bbox 265 2772 307 2831; x_wconf 83' lang='lat' dir='ltr'><strong>Et</strong></span> <span class='ocrx_word' id='word_1_106' title='bbox 320 2792 396 2849; x_wconf 90' lang='lat' dir='ltr'><strong>pone</strong></span> <span class='ocrx_word' id='word_1_107' title='bbox 409 2774 610 2849; x_wconf 81' lang='lat' dir='ltr'><strong>Nigripedum</strong></span> <span class='ocrx_word' id='word_1_108' title='bbox 624 2773 719 2832; x_wconf 87' lang='lat' dir='ltr'><strong>sedeis</strong></span> 
     </span>
     <span class='ocr_line' id='line_1_28' title="bbox 264 2863 692 2942; baseline -0.002 -19"><span class='ocrx_word' id='word_1_109' title='bbox 264 2863 303 2923; x_wconf 92' lang='lat' dir='ltr'><strong>In</strong></span> <span class='ocrx_word' id='word_1_110' title='bbox 317 2866 411 2941; x_wconf 87' lang='lat' dir='ltr'><strong>ipsius</strong></span> <span class='ocrx_word' id='word_1_111' title='bbox 425 2863 551 2923; x_wconf 78' lang='lat' dir='ltr'><strong>Favonii</strong></span> <span class='ocrx_word' id='word_1_112' title='bbox 565 2879 692 2942; x_wconf 87' lang='lat' dir='ltr'><strong>regnum</strong></span> 
     </span>
     <span class='ocr_line' id='line_1_29' title="bbox 263 2955 770 3035; baseline 0.002 -19"><span class='ocrx_word' id='word_1_113' title='bbox 263 2958 316 3016; x_wconf 89' lang='lat' dir='ltr'><strong>Ad</strong></span> <span class='ocrx_word' id='word_1_114' title='bbox 328 2960 456 3017; x_wconf 87' lang='lat' dir='ltr'><strong>monteis</strong></span> <span class='ocrx_word' id='word_1_115' title='bbox 471 2958 601 3019; x_wconf 76' lang='lat' dir='ltr'><strong>saxosos</strong></span> <span class='ocrx_word' id='word_1_116' title='bbox 615 2955 751 3035; x_wconf 75' lang='lat' dir='ltr'><strong>pervenit</strong></span> <span class='ocrx_word' id='word_1_117' title='bbox 762 2973 770 3028; x_wconf 70' lang='grc' dir='ltr'><strong><em>ς</em></strong></span> 
     </span>
     <span class='ocr_line' id='line_1_30' title="bbox 266 3049 846 3127; baseline 0 -18"><span class='ocrx_word' id='word_1_118' title='bbox 266 3049 399 3124; x_wconf 87' lang='lat' dir='ltr'><strong>Quorum</strong></span> <span class='ocrx_word' id='word_1_119' title='bbox 413 3053 444 3110; x_wconf 92' lang='lat' dir='ltr'><strong>in</strong></span> <span class='ocrx_word' id='word_1_120' title='bbox 457 3049 659 3112; x_wconf 84' lang='lat' dir='ltr'><strong>cacuminibus</strong></span> <span class='ocrx_word' id='word_1_121' title='bbox 674 3051 846 3127; x_wconf 85' lang='lat' dir='ltr'><strong>procellosis</strong></span> 
     </span>
     <span class='ocr_line' id='line_1_31' title="bbox 268 3140 731 3222; baseline 0 -19"><span class='ocrx_word' id='word_1_122' title='bbox 268 3140 450 3204; x_wconf 82' lang='lat' dir='ltr'><strong>Consederat</strong></span> <span class='ocrx_word' id='word_1_123' title='bbox 464 3152 550 3204; x_wconf 87' lang='lat' dir='ltr'><strong>vetus</strong></span> <span class='ocrx_word' id='word_1_124' title='bbox 564 3142 731 3222; x_wconf 78' lang='lat' dir='ltr'><strong>Magiceius</strong></span> 
     </span>
     <span class='ocr_line' id='line_1_32' title="bbox 265 3236 779 3314; baseline 0.002 -19"><span class='ocrx_word' id='word_1_125' title='bbox 265 3236 433 3296; x_wconf 89' lang='lat' dir='ltr'><strong>Ventorum</strong></span> <span class='ocrx_word' id='word_1_126' title='bbox 446 3239 617 3297; x_wconf 86' lang='lat' dir='ltr'><strong>caelestium</strong></span> <span class='ocrx_word' id='word_1_127' title='bbox 630 3237 779 3314; x_wconf 80' lang='lat' dir='ltr'><strong>regnator.</strong></span> 
     </span>
     <span class='ocr_line' id='line_1_33' title="bbox 306 3325 755 3407; baseline -0.002 -19"><span class='ocrx_word' id='word_1_128' title='bbox 306 3325 497 3388; x_wconf 79' lang='lat' dir='ltr'><strong>Hiawatlram</strong></span> <span class='ocrx_word' id='word_1_129' title='bbox 510 3338 647 3407; x_wconf 87' lang='lat' dir='ltr'><strong>aspectus</strong></span> <span class='ocrx_word' id='word_1_130' title='bbox 661 3332 755 3405; x_wconf 84' lang='lat' dir='ltr'><strong>patris</strong></span> 
     </span>
     <span class='ocr_line' id='line_1_34' title="bbox 267 3420 746 3482; baseline 0.008 -4"><span class='ocrx_word' id='word_1_131' title='bbox 267 3420 384 3481; x_wconf 74' lang='lat' dir='ltr'><strong>Parere</strong></span> <span class='ocrx_word' id='word_1_132' title='bbox 397 3421 565 3481; x_wconf 71' lang='lat' dir='ltr'><strong>verecundo</strong></span> <span class='ocrx_word' id='word_1_133' title='bbox 579 3423 746 3482; x_wconf 78' lang='lat' dir='ltr'><strong>commovit.</strong></span> 
     </span>
    </p>
   </div>
   <div class='ocr_carea' id='block_1_3' title="bbox 0 0 1138 3800">
    <p class='ocr_par' dir='ltr' id='par_1_3' title="bbox 0 0 1138 3800">
     <span class='ocr_line' id='line_1_35' title="bbox 0 0 1138 3800; baseline 0 0"><span class='ocrx_word' id='word_1_134' title='bbox 0 0 1138 3800; x_wconf 95' lang='lat' dir='ltr'><strong> </strong></span> 
     </span>
    </p>
   </div>
  </div>
 </body>
</html>
