2259 3800
490 108 554 168 Tlec
574 109 711 171 Femina

291 276 375 350 Quae
388 280 439 338 diu
452 281 484 339 in
499 274 600 338 oasuld
611 284 771 350 morantur,

290 373 413 432 Tacitae
426 374 598 451 plerumque
611 379 701 448 atque
714 371 860 433 immotae.

292 467 390 528 Semel
404 468 518 526 tantum
531 469 638 542 rupere
651 483 754 523 vocem

289 559 367 621 Cum
379 562 494 619 monitu
507 578 541 618 ac
555 560 621 617 miti
635 576 777 631 sermone,

288 653 399 712 Intima
412 660 598 731 pertentante
611 651 802 728 praecordia3

289 746 369 804 Dein
382 746 480 804 subita
494 746 659 821 insequitur
673 745 846 804 obscuritas.

288 838 374 897 Nihil
388 839 438 897 ille
451 839 538 914 plene
552 838 692 913 dispexit,

290 932 350 992 Sed
362 933 491 990 vestium
505 932 620 989 audivit
634 932 780 1007 crepitum

288 1025 351 1087 Sub
364 1026 432 1084 velo
445 1024 564 1083 tentorii
579 1024 838 1099 praetereuntium.

286 1119 472 1178 Nocturnum
487 1119 579 1175 sensit
591 1116 695 1193 frigus,

286 1212 366 1273 Dum
381 1212 478 1270 sidera
492 1211 694 1287 perstrinxere
707 1209 827 1279 oculos3

267 1313 269 1317 ’
285 1306 327 1363 Et
340 1313 480 1380 protenus
494 1302 592 1363 abisse
605 1305 749 1379 comperit

284 1399 419 1457 Nuncios
432 1398 507 1468 illos,
522 1397 634 1455 mancis
648 1404 839 1468 mortuorum,

284 1491 336 1550 Ad
350 1499 460 1559 terram
473 1491 581 1549 Futuri
597 1490 731 1549 reduces.

323 1584 471 1657 Ceterum,
485 1586 561 1660 proh
576 1585 671 1642 tristis
684 1583 789 1657 hiems,

281 1678 440 1750 Diuturna,
455 1679 554 1750 adura,
570 1677 715 1736 crudelisl

283 1769 412 1846 Spissior
426 1778 457 1829 et
471 1789 588 1847 semper
602 1770 725 1846 spissior·
738 1769 858 1849 glacies,
920 1783 922 1789 ’

278 1863 379 1922 Altior
393 1871 425 1922 et
438 1882 554 1940 semper
568 1863 656 1922 altior
669 1864 733 1937 nix,

280 1956 364 2029 Quae
377 1976 455 2030 rura,
471 1958 571 2030 silvas,
586 1958 669 2017 vicos
682 1958 789 2030 obruit,

277 2051 315 2108 In
330 2050 458 2108 tumulos
472 2050 621 2127 ingentois
634 2052 787 2110 ventilata.

276 2143 341 2201 Vix
354 2161 371 2202 e
385 2143 501 2218 sepulto
514 2144 636 2221 tugurio

275 2236 317 2294 Vi
330 2233 425 2296 multi
438 2255 469 2296 se
484 2238 651 2297 extricabat
663 2245 796 2309 venator,

274 2328 336 2403 Qui
350 2348 418 2389 cum
430 2330 578 2388 coestibus
592 2331 702 2406 passim
716 2331 806 2389 silvas

275 2420 370 2483 Soleis
384 2424 507 2481 nivariis
521 2442 693 2500 pervagans,

271 2515 368 2575 Aveis
381 2516 517 2592 ferasque
530 2517 704 2591 anquirebat
717 2515 836 2575 frustra.

270 2608 351 2670 ⁴Sane
365 2610 500 2688 vestigiis
514 2610 623 2685 pedum
637 2611 741 2669 deletis

269 2698 388 2761 Pallidi
401 2703 432 2760 in
447 2700 523 2761 silvia
537 2702 636 2761 dirirm
648 2704 802 2776 albicante,

267 2795 419 2853 Plurimus
433 2804 556 2854 venator
571 2796 741 2856 debilitatus

267 2888 363 2947 Periit
377 2895 449 2948 tunc
463 2890 540 2948 fame
554 2909 589 2949 ac
602 2890 723 2969 frigore.

266 2981 369 3058 Aegro
382 2981 440 3040 fnit
453 2982 550 3057 tellus,
565 2988 617 3044 ae’r
631 2983 800 3053 famelicum

267 3074 355 3150 Ipsae
369 3076 400 3132 in
415 3078 534 3135 aethere
548 3078 749 3136 scintillnbant
763 3078 865 3137 stellae

266 3166 359 3226 Velut
372 3168 510 3245 luporum
524 3171 602 3230 oculi
616 3171 828 3231 famelicorum.

266 3258 400 3320 Tandem
413 3263 446 3320 in
460 3263 636 3323 Hiawathae
650 3265 778 3325 casulam
