2259 3800
325 345 455 392 casus
474 345 683 392 mswsrssn.
875 332 927 392 101

168 499 286 561 Florem
298 500 469 559 adolescens
481 501 681 576 conspicatur,

168 594 374 672 Primigennm
386 594 477 653 Veris
491 594 590 666 decus,

168 686 383 761 Pulcerrimam
403 685 578 762 Vispinicuc
590 705 746 765 gemmam.

212 778 578 858 SicinrsgioneBoreali
759 781 762 788 '

170 871 245 932 Post
258 870 354 950 frigus
367 872 489 932 brumae
503 872 691 932 invisitatum

171 964 274 1025 Verna
287 965 409 1026 advdnit
422 972 582 1043 tempestas
596 966 761 1043 splendida,

169 1057 298 1132 Avibus,
311 1060 446 1137 gemmis,
459 1059 591 1133 floribus,

172 1151 276 1224 Foliis,
290 1152 474 1230 graminibus
488 1160 601 1212 ornata.

173 1242 294 1321 Septem
307 1262 412 1304 versus
426 1244 576 1318 Trionem,
586 1244 670 1305 velut
682 1245 805 1304 navium
812 1246 938 1323 agmina,

174 1337 247 1399 Sive
259 1345 294 1397 ut
307 1326 482 1416 sagittarum
495 1338 589 1398 imber
603 1339 759 1415 plurimus,

174 1431 275 1492 Venta
288 1432 414 1505 devecti,
425 1431 525 1491 ‘olores
538 1438 621 1506 eunt,

173 1525 273 1586 Paene
287 1522 418 1585 humaui
431 1526 617 1585 clamitantes
630 1542 722 1584 voce:

173 1617 254 1678 Item
267 1636 388 1679 anseres
400 1619 491 1691 nivei,
505 1620 559 1696 qui
572 1619 714 1690 lineatim,

174 1710 221 1772 Ut
233 1712 371 1790 perrupti
384 1730 507 1771 arcuum
519 1712 614 1785 nervi,

173 1804 319 1864 Floribus
331 1804 420 1884 longe
433 1805 565 1866 extentis
578 1805 742 1864 fluctuant:

174 1898 249 1959 Mox
263 1899 370 1976 pennis
383 1899 534 1977 clangens,
547 1918 668 1979 mergus
682 1899 824 1978 glacialis,

174 1991 242 2051 Aut
255 1992 344 2066 solus,
359 1999 412 2052 ant
425 1989 488 2052 soli
501 2011 571 2053 cum
584 1992 729 2072 conjuge;

178 2084 221 2144 Et
233 2085 322 2145 ardea
335 2085 453 2145 caerula
464 2093 555 2163 atque
568 2092 673 2147 tetrao.

214 2178 301 2239 Inter
315 2179 434 2238 dumeta
446 2197 559 2257 perque
573 2187 660 2256 prata

179 2271 272 2334 Suum
286 2272 428 2351 cyaneola
439 2272 595 2350 profundit
607 2291 735 2333 cumen.

182 2363 303 2426 Summo
316 2365 431 2443 tugurii
445 2365 477 2423 in
489 2364 612 2442 fastigio

177 2456 332 2518 Rubecula
343 2465 467 2518 cantans
479 2458 649 2535 respondet.

176 2549 312 2624 Necnon,
328 2551 512 2611 densissimis
525 2552 558 2610 in
572 2552 652 2627 pinis

178 2641 314 2717 Obtscta,
329 2645 522 2722 congemebat
535 2645 705 2721 palumbes:

177 2735 259 2811 Quas
272 2736 384 2796 omneis
398 2737 559 2797 Hiawatha
571 2737 785 2797 moestissimus

177 2829 331 2890 Audiebat
344 2847 412 2891 cum
424 2828 539 2909 elingui
553 2838 684 2908 guttme

179 2920 356 2999 Quanquam
370 2940 402 2983 se
415 2922 624 3000 compellatum
638 2923 740 2983 sensit.

168 3013 296 3074 'Tamen
309 3015 390 3074 tristi
402 3034 541 3093 egressus
554 3017 632 3076 ostio

179 3107 299 3181 Astitit,
314 3107 431 3168 caelum
443 3116 587 3168 contuens

180 3196 392 3277 Telluremque
405 3207 437 3260 et
449 3218 540 3277 aquas
553 3201 725 3260 latissimas.

181 3290 233 3352 Sic
246 3294 364 3370 saepius
377 3294 579 3371 contemplans
592 3294 716 3367 astabat,

179 3382 271 3444 Veris
284 3404 338 3462 per
351 3387 438 3446 horas
451 3387 587 3460 recentis,

180 3474 281 3538 Orbus
293 3485 325 3539 et
338 3476 523 3542 Minnehahd
534 3488 568 3542 ct
580 3480 754 3542 Nocomide.
