2259 3800
186 227 225 286 34

466 219 660 283 H'towatlto’s
673 220 759 280 Faet.

263 397 340 457 Mox
353 398 502 475 gregatim
515 414 635 456 anseres
648 396 752 454 niveos

261 492 415 551 Palustria
428 490 543 550 Boreae
557 489 704 567 potenteis

264 585 341 646 Cum
354 585 497 659 vocisque
511 589 542 642 et
554 583 668 641 alarum
682 581 831 658 clangore.

263 681 281 710 “
296 676 324 739 O
337 677 466 736 Domino
479 676 569 735 Vitae
582 675 589 733 l
601 676 617 702 '‘
637 674 807 733 dubitanter
821 672 926 748 inquit,

264 775 282 804 “
295 770 377 831 Num
391 777 494 828 nostra
507 788 546 828 ex
559 769 609 827 his
622 768 733 844 pendet
747 768 811 826 vita
824 764 864 824 ?’'

305 863 414 923 Altero
423 861 534 938 jejunii
548 862 597 920 die

263 958 387 1016 Praeter
400 956 495 1014 amnis
508 956 673 1032 marginem
686 954 859 1032 vagabatur.

262 1050 301 1109 In
315 1055 402 1127 prato
417 1048 530 1107 inculto
544 1066 665 1126 oryzam
678 1047 770 1119 videt,

263 1143 365 1219 Ipsam
378 1142 520 1201 incultam
533 1138 564 1200 et
578 1161 683 1218 parum
697 1142 848 1217 copiosam
861 1163 869 1210 3

265 1236 307 1295 Et
319 1232 414 1295 multa
427 1236 526 1311 specie
539 1235 645 1293 baccas
658 1234 803 1311 plurimas

266 1329 405 1407 Myrtilli,
420 1326 508 1406 fregi,
522 1347 576 1386 seu
589 1327 787 1405 grossulariae
801 1351 811 1398 ς

268 1423 344 1480 Mox
358 1423 452 1480 vitem
466 1420 615 1479 uviferam
629 1420 751 1496 palmite
764 1420 873 1497 pensili
973 1498 976 1503 Ι

267 1514 374 1574 Alneis
389 1532 478 1592 super
491 1514 581 1572 ramis
595 1512 655 1572 late
669 1513 829 1590 profusam,

267 1609 358 1670 Unde
371 1615 402 1666 et
415 1607 526 1684 passim
539 1606 714 1684 fragrabant
725 1625 825 1666 aurae.

269 1701 427 1759 “Domine
441 1701 512 1758 vitae
522 1699 529 1758 l
539 1700 556 1727 '²
578 1699 745 1758 diffidenter
759 1700 870 1775 inquit3

269 1798 288 1826 “
298 1792 419 1852 Numae
432 1812 472 1851 ex
485 1792 533 1851 his
547 1799 650 1851 nostra
662 1793 772 1869 pendet
785 1791 893 1852 vita?'’

310 1885 414 1946 Tertio
423 1884 532 1962 jejunii
546 1886 596 1947 die

273 1980 368 2038 Lacui
382 1980 515 2038 assidens
528 1980 728 2039 meditabatur

269 2073 369 2132 Juxta
381 2091 473 2149 aquas
487 2074 648 2148 tranquille
662 2073 809 2149 limpidas.

272 2165 416 2242 Squalum
430 2166 630 2224 exsultantem
644 2167 833 2244 conspicatur

272 2258 384 2320 Guttae
399 2267 589 2337 spargentem
603 2260 687 2319 velut
700 2279 831 2338 gemmas
845 2262 1002 2327 muriceas;

271 2351 456 2428 Ldteamque
470 2371 598 2429 porcam,
613 2360 647 2411 ut
656 2352 747 2429 jubar
762 2354 817 2412 sub
830 2351 916 2430 aqud,

271 2446 449 2522 Lupumquc
463 2453 494 2505 et
506 2447 667 2524 harengam
681 2454 712 2506 et
725 2455 866 2507 astacum.

273 2539 428 2598 “Domine
442 2540 522 2598 vitas
532 2540 562 2598 1”
583 2540 678 2599 fracto
692 2541 791 2616 inquit
804 2541 902 2599 animo
915 2564 924 2610 ;

273 2631 391 2691 “Anne
405 2652 445 2691 ex
458 2633 506 2691 his
520 2633 632 2709 pendet
645 2634 709 2692 vita
722 2633 867 2692 nostra?”

314 2726 428 2800 Quarto
437 2727 547 2803 jejunii
560 2727 610 2785 die

273 2820 455 2880 Debilitatus
465 2820 586 2895 jacebat
599 2821 630 2878 in
644 2818 754 2894 casula,

274 2915 306 2973 A
321 2915 413 2973 cubili
426 2933 444 2973 e
457 2913 537 2972 foliis
551 2933 586 2973 ao
600 2914 755 2974 frondibus

273 3007 472 3084 Prospectans
486 3007 636 3084 palpebris
650 3008 775 3085 torpidis

275 3100 312 3160 In
326 3101 449 3160 confusa
462 3120 496 3162 ac
510 3101 710 3178 nigrescentia
722 3102 828 3173 omnia,

278 3193 406 3255 Somniis
420 3199 451 3252 et
464 3195 613 3272 vertigine
626 3193 736 3252 referta
748 3216 798 3264 ,b

276 3286 313 3345 In
327 3306 417 3361 aquas
431 3288 613 3346 renidenteis
626 3287 728 3346 subter
741 3309 749 3356 ;

276 3380 314 3437 In
329 3380 420 3439 solem
434 3380 588 3455 splendide
602 3380 795 3440 delabentem.
