2259 3800
322 261 452 306 enanis
472 260 680 305 marsnam.

163 419 293 479 Paaifioo
306 419 404 477 tubuli
417 418 503 496 signo

164 510 276 572 Omnes
289 512 321 570 iu
333 531 426 570 unum
439 513 585 570 oontraoti

164 603 215 663 Ad
228 611 342 665 montes
355 623 525 681 camporum
537 605 731 663 herbosorum

165 697 348 775 Russamque
360 698 530 757 tubulorum
541 698 743 773 lapicidinam.

204 789 243 850 In
256 798 341 868 prato
355 793 514 851 constitere
526 792 686 851 bellatores

166 883 244 944 cnm
257 884 326 944 telis
339 891 428 961 atque
441 892 547 960 paratu
560 884 678 956 bellino,

164 977 247 1037 Picti
260 984 401 1055 tanquam
414 977 581 1036 Auotumni
592 977 671 1050 folia,

165 1070 262 1130 Velut
273 1072 388 1130 eaelum
400 1071 581 1129 matutinum
594 1071 739 1144 distincti,

166 1162 251 1223 Inter
265 1182 297 1223 se
310 1164 448 1224 ferociter
461 1166 618 1222 obtuentes

167 1254 270 1317 'Porri
282 1257 350 1317 luco
361 1276 402 1316 ex
416 1257 510 1316 oeulis
524 1256 697 1325 indomitis';

168 1347 287 1427 Quippe
300 1351 332 1408 in
345 1352 515 1427 pectoribus
528 1351 695 1409 condebant
708 1349 881 1409 inimicitias

168 1441 269 1515 Diras,
283 1442 471 1521 longinquas,
486 1443 592 1516 avitas,

167 1534 406 1595 Haereditariam
419 1537 541 1595 ultionis
556 1535 650 1595 sitim.

209 1626 270 1689 Sed
282 1629 416 1690 Daemon
431 1647 594 1706 supremus,
609 1628 744 1706 gentium
757 1645 874 1704 parens,

167 1719 245 1782 (lum
258 1720 463 1782 misericordia
475 1740 527 1781 eos
540 1723 669 1798 aspexit,

168 1813 245 1875 Cum
259 1816 352 1890 patris
366 1813 470 1874 teneri
483 1816 632 1885 caritat03

169 1908 217 1969 Ut
228 1910 281 1985 qui
295 1909 355 1967 iras
368 1910 476 1967 horum
489 1928 525 1968 aa
538 1911 624 1968 rixas

167 2001 228 2060 Pro
241 2019 401 2078 puerorum
410 2001 522 2079 jurgiis
535 2002 712 2060 aestimabat

170 2093 415 2155 Suaeensentium
424 2102 456 2153 et
469 2096 598 2154 inaniter
611 2094 820 2173 pugnantium.

57 2179 71 2215 ‘⁸
168 2188 284 2263 Itaque,
299 2185 408 2247 doxtrt
421 2189 548 2265 desuper
562 2189 731 2262 imminens,

169 2276 287 2342 Umbri
300 2279 433 2356 ejusdem
447 2281 606 2358 subigebat

168 2371 358 2434 Obstinatam
372 2373 483 2432 irarum
497 2375 707 2450 pervicaciam,

170 2465 395 2527 Febrioulosam
409 2467 564 2544 sanguinis
578 2468 660 2526 sitim
672 2491 681 2537 3

170 2559 213 2618 Et
226 2556 355 2636 augusta
367 2556 567 2636 maxumique
581 2578 655 2619 roes

171 2651 273 2711 Instar
288 2650 403 2711 sonitfis
416 2653 649 2730 longinquorum
662 2652 819 2711 fluminum

169 2745 207 2804 In
221 2743 384 2822 profundos
397 2747 534 2824 gurgites
546 2746 815 2823 praecipitantium,

172 2835 272 2899 Gravi
283 2839 400 2897 monitu
414 2840 458 2898 sie
471 2858 522 2898 eos
536 2839 727 2916 increpabat:

213 2929 270 2991 “O
284 2931 340 2990 filii
353 2932 412 2991 mei
422 2933 595 3005 miserandi,

172 3023 353 3084 Auscultate
366 3044 455 3084 voees
469 3026 645 3101 sapientiae.

171 3115 299 3178 Obedits
313 3119 440 3177 orationi
452 3120 628 3177 monitorias

171 3211 199 3270 E
213 3210 304 3269 labris
318 3213 424 3270 summi
438 3211 600 3270 Daemonis

171 3304 335 3379 Vestriquo
348 3305 486 3375 auctoris,
501 3304 626 3363 Domini
635 3304 725 3364 vitas.

186 3473 192 3485 ·
215 3395 338 3475 “Agros
352 3416 408 3476 ego
424 3397 511 3458 vobis
524 3398 680 3459 venaticos
694 3396 773 3471 dedi,
