2259 3800
329 172 459 216 caum
477 171 688 217 meseum,
894 147 933 211 ts

171 330 337 406 Cantatque
350 337 384 388 ut
395 329 470 387 rami
484 328 634 405 suspirant
688 357 700 375 ·

169 423 310 482 Jucundo
324 423 356 480 in
368 441 468 481 mense
481 420 643 498 frigorum.

169 517 239 576 Tibi
253 517 364 592 siquid
378 516 539 592 displiceat,
555 514 583 575 O
598 513 725 573 dilectui

169 611 247 670 Tum
259 629 325 669 meo
338 611 466 669 assideat
479 610 561 668 cordi
573 608 728 679 moestitia,

169 703 214 764 Ut
227 704 343 763 lucidus
356 704 457 780 nigrat
470 703 563 759 amnis
634 721 636 726 ·

170 796 305 855 Nubium
319 797 431 854 umbris
445 795 565 854 offusus.

170 889 219 964 Tu
233 890 258 947 si
271 889 405 961 arrisisti,
421 887 528 947 Omea
541 886 670 947 dilectui

171 976 250 1040 Tum
262 983 337 1040 mihi
351 982 487 1041 clarescit
500 999 551 1039 cor
565 980 726 1051 turbidum,

171 1073 216 1134 Ut
229 1073 332 1151 frigidi
345 1074 474 1150 vestigia
486 1073 570 1132 venti
673 1077 680 1085 '

172 1167 211 1225 ln
224 1169 359 1226 amnibus
371 1167 505 1226 relucent
518 1166 574 1224 sub
588 1165 659 1225 ece.

171 1260 262 1319 Nunc
275 1268 357 1325 terre
368 1261 483 1319 arridet
494 1266 527 1318 et
537 1276 634 1334 equae

172 1353 354 1429 caelumque
368 1352 459 1429 suprd
473 1370 631 1413 serenum

173 1446 232 1507 Sed
245 1464 341 1522 neque
353 1447 427 1505 haee
441 1464 537 1521 neque
550 1460 606 1522 ego
618 1443 711 1516 ridet,

172 1540 241 1599 Nisi
254 1549 285 1599 te
298 1541 402 1599 adesse
416 1540 548 1599 seutiam.

173 1633 233 1705 Me,
247 1651 304 1706 me,
319 1640 493 1709 experrecta
503 1633 614 1707 ¹aspice,

174 1723 256 1798 Quae
270 1727 390 1802 sanguis
406 1744 438 1785 ee
451 1725 548 1784 cordis
561 1724 621 1783 mei
631 1722 824 1799 *palpitante

174 1818 301 1891 Dilecta,
316 1825 421 1890 amata,
435 1818 643 1894 expergiscere
655 1816 687 1875 !'’
910 1817 911 1822 ’

213 1912 315 1971 Finito
329 1911 468 1973 Chibiabi
482 1913 623 1985 carmine,

177 2005 228 2068 Ad
240 2004 382 2082 lagonem
394 2005 539 2064 convivae
553 2004 813 2075 contumelientur,

176 2096 234 2171 Qui
248 2117 390 2157 cunarum
404 2098 573 2174 compageie
586 2097 763 2159 Hiawethae

176 2191 226 2250 Ex
240 2188 368 2252 dissecti
380 2188 447 2250 filit
460 2191 602 2250 confictus

87 2318 91 2325 ,
176 2283 288 2343 Nervis
301 2284 464 2342 tarandinis
477 2284 681 2351 constrinxit3

175 2375 234 2450 Qui
247 2381 333 2435 arcis
347 2377 529 2453 sagittasque
542 2375 706 2437 fabricandi

172 2468 282 2528 Artem
296 2476 400 2546 postea
412 2470 582 2541 edocuit-

172 2562 218 2623 Ut
231 2566 318 2623 arcis
329 2562 493 2622 Hiawuthe
505 2582 544 2622 ex
558 2561 686 2634 fraxino,

173 2654 304 2733 Sagittae
317 2673 461 2731 equercu
474 2656 675 2716 concinnaret.

170 2752 271 2824 Hunc,
287 2771 385 2811 senem
399 2761 430 2813 et
442 2773 590 2812 summum
600 2753 786 2830 'meatem
848 2775 850 2781 ·

175 2842 235 2904 Ore
249 2845 419 2920 deformem,
433 2854 528 2920 orant,

172 2937 218 2998 Ut
230 2936 359 2997 fabulam
372 2941 500 3015 aliquam
513 2940 639 2999 hilarem

174 3030 212 3087 In
226 3030 368 3091 honorem
380 3034 549 3110 nuptiarum
556 3039 689 3092 enarret

174 3123 277 3199 Atque
287 3123 338 3183 ille
351 3127 501 3202 extemplo
514 3126 676 3201 respondet
687 3145 737 3184 2-

175 3215 368 3294 “Mirabilem
380 3219 546 3278 auscultate
559 3218 691 3278 fabulam

169 3297 216 3367 De
227 3307 339 3369 Ossaeo
352 3317 441 3386 atque
451 3310 515 3386 ejus
524 3330 630 3383 uxmc,
664 3367 667 3372 .
775 3321 776 3324 ’

171 3400 249 3463 Filio
261 3402 372 3464 Stellae
382 3404 609 3480 Vespertince.’'
