2259 3800
162 206 200 262 44
377 204 542 266 cedebas
556 208 621 265 aad
639 207 809 278 Quassus.

278 379 336 440 Ille
349 381 466 456 quoties
480 388 608 454 caneret,
624 381 708 440 vicus
722 381 915 452 auscultabat,

239 470 385 532 Omnibus
399 474 587 551 congregatis
600 473 802 546 bellatoribus,

241 564 387 626 Omnibus
401 567 675 626 adsumentibus
689 567 829 638 feminis;

241 657 358 732 Quibus
368 660 521 720 excelsum
535 678 615 718 nuno
630 659 783 736 injiciebat
795 660 935 731 animum,

239 752 271 810 N
272 773 329 813 uno
342 754 461 813 mollem
474 754 708 812 misericordiam
726 755 832 813 olebat.

281 847 383 906 Tibiae
397 865 415 906 e
428 848 510 907 aavis
524 847 644 906 oalamis

240 940 315 999 Tam
328 936 436 999 canori
449 941 572 999 lenitate
585 941 683 1013 finxit,

241 1035 285 1096 Ut
298 1043 413 1096 terrene
426 1040 538 1114 agresti
553 1040 584 1096 in
597 1040 716 1096 dumeto

241 1127 302 1188 Sua
315 1131 482 1189 cohibuerit
495 1151 656 1202 murmura,

240 1221 380 1299 Avesque
393 1231 482 1282 oantu
496 1225 674 1298 destiterint,

240 1315 282 1373 Et
295 1316 410 1375 sciurus
423 1316 518 1377 oaudd
532 1316 632 1377 erectis

242 1408 278 1466 In
292 1427 404 1486 quercu
418 1411 562 1471 desiverit
576 1413 733 1489 garritum,

240 1501 282 1560 Et
295 1504 450 1563 anniculus
464 1524 538 1564 vooe
551 1505 700 1564 delenitus

241 1594 369 1655 Natibus
383 1600 545 1674 suppositis
560 1599 713 1657 insederit.

280 1689 378 1781 Atqui
391 1697 517 1764 torrens,
533 1711 622 1750 eursu
635 1691 768 1749 fluminis

242 1780 382 1854 Tardato,
398 1786 416 1815 “
428 1782 574 1844 Chibiabo
584 1785 610 1843 !''
625 1786 723 1861 inquit
736 1808 744 1854 3

241 1874 401 1936 “Molliter
414 1884 450 1936 ut
464 1898 525 1937 vox
539 1885 591 1937 tua
605 1886 715 1952 cantat,

241 1967 291 2028 sic
305 1968 413 2028 fluetus
426 1990 506 2030 meos
520 1972 624 2030 doceas
639 1973 771 2031 sonare.'’
860 1987 861 1990 ’

278 2062 373 2120 Porro
387 2062 522 2140 fringilla
534 2066 681 2141 cyaneola

239 2157 258 2186 “
266 2152 412 2215 Chibiabe
426 2155 457 2213 l”
471 2158 572 2233 inquit
585 2159 688 2216 invida
700 2180 709 2227 3

242 2245 383 2307 “Cantus
404 2248 469 2309 sine
482 2269 563 2309 more
577 2258 742 2327 protervos,

241 2338 336 2400 Velut
349 2349 427 2414 tuos,
441 2343 579 2404 effreneis
592 2364 640 2403 me
653 2345 787 2403 doceas.”

280 2432 361 2507 Quin
374 2437 524 2511 rubeoula,
540 2438 630 2514 plena
642 2439 761 2515 gaudio,

245 2529 265 2557 “
274 2527 381 2602 Molos,
395 2528 423 2589 Ο
438 2529 584 2591 Chibiabe
594 2531 625 2588 1”
646 2531 754 2606 inquit,

244 2623 262 2651 “
271 2621 367 2681 Duloe
380 2642 414 2683 aa
428 2631 563 2683 tenerum
578 2632 612 2681 tu
625 2625 730 2683 doceas
744 2641 800 2694 me,

243 2712 337 2773 Velut
350 2723 445 2789 tuum,
460 2717 614 2775 abundans
627 2714 773 2776 rostitit?

281 2809 366 2883 Mox,
381 2810 462 2869 tristi
475 2812 594 2887 plorans
609 2811 751 2888 singultu,

245 2901 465 2981 Caprimulgus,
481 2907 499 2936 “
508 2903 655 2964 Ohibiabe
668 2904 675 2961 l
686 2905 704 2932 '’
728 2903 835 2979 inquit,

247 2999 265 3028 “
275 2995 442 3055 Luotuosos
455 3016 502 3056 me
517 2998 623 3057 dooeae
638 3016 734 3071 sonos,

248 3087 393 3163 Aoerbos‚
410 3091 504 3149 instar
517 3093 665 3151 tuorum.'’

286 3182 367 3241 Nam
380 3184 528 3260 quidquid
541 3191 627 3243 sonat
639 3183 767 3255 Natura,

248 3275 302 3333 Ex
310 3275 402 3351 hujus
415 3274 521 3355 linguis
534 3278 658 3336 sonabat
670 3277 793 3335 suavius
806 3298 814 3344 3

250 3367 293 3426 Et
306 3368 453 3445 quidquid
465 3388 517 3428 oor
529 3370 684 3427 hominum
697 3369 820 3441 emollit,
