2259 3800
193 117 252 177 100
458 114 579 177 Rotam
592 117 634 196 of
644 117 770 198 dprtnq.

271 294 359 355 Laeti
372 313 404 354 ae
417 294 545 356 efferunt
557 295 690 371 fruticet,

271 388 364 448 Redit
376 407 463 448 ancer
476 391 582 451 niveus
596 409 664 450 auca
677 391 716 450 ad
728 391 822 464 laeua

270 481 323 542 Ad
336 489 435 543 veatae
448 483 572 559 paludes
585 485 663 543 redit
676 485 773 544 ardea.

272 575 412 635 Hirundo
425 593 458 634 ae
471 577 591 637 domum
598 577 759 654 jaculatur,

191 666 193 669 ’
273 667 383 730 Cantat
394 671 535 746 cyaneola
548 679 580 731 et
592 672 753 732 nubecula:

272 762 314 823 Et
327 764 353 822 si
366 760 426 841 qut
438 783 563 843 peregre
576 784 678 843 vagor,

274 855 421 918 Flosculia
434 859 547 918 undant
560 858 703 917 immensa
715 864 877 935 pratorum,

273 948 438 1013 Harmonia
450 958 589 1029 strepunt
600 970 722 1011 nemora
733 969 768 1010 ac
782 951 883 1024 saltis,

275 1041 445 1122 Spissieque
458 1045 537 1105 foliis
551 1045 671 1123 nigrant
684 1045 831 1106 arbores?

313 1137 481 1199 Dixerant:
501 1146 533 1199 ct
545 1145 634 1199 nocte
646 1136 733 1199 finita

272 1229 305 1290 A
317 1230 489 1310 longinquis
502 1232 645 1292 Matutini
658 1233 759 1311 regni·

273 1324 325 1383 Ex
337 1323 480 1404 argenteio
492 1326 565 1386 aede
577 1326 729 1386 relucente
887 1386 890 1391 Δ

274 1417 430 1496 Tanquam
443 1420 607 1479 instructus
620 1420 776 1496 pictuaque
789 1417 914 1480 bellator

274 1510 438 1590 Egreditur
453 1512 505 1573 Sol
517 1519 671 1590 augustus,

273 1603 459 1680 vociferans,
474 1605 550 1664 “En
564 1624 622 1683 ego
634 1603 778 1664 adaumP’

274 1696 355 1756 Tum
366 1704 467 1757 mutus
480 1699 602 1758 devdnit
615 1716 709 1758 senex
718 1721 728 1768 ς

276 1788 337 1850 Sed
349 1795 401 1851 adr
413 1810 534 1852 amoena
546 1792 678 1869 tepebat,

273 1882 316 1943 Et
329 1902 421 1946 suave
433 1886 466 1944 in
478 1886 600 1964 tugurio
612 1902 730 1946 carmen

274 1976 455 2040 Cantillabat
467 1980 608 2057 cyaneola
621 1986 652 2040 et
664 1978 815 2041 nubecula

274 2070 347 2130 Rivi
361 2071 538 2149 augescebat
549 2090 704 2143 murmur3

273 2163 317 2223 Et
328 2163 438 2225 leniter
450 2183 504 2241 per
517 2166 648 2225 caculam
662 2164 879 2225 diffirndebatur

273 2257 442 2318 Herbarum
455 2260 528 2318 odor
539 2259 733 2320 nascentium.

314 2350 401 2412 ‘tune
413 2351 591 2426 adolescens,
605 2353 654 2412 cui
675 2350 773 2413 Vm
787 2366 902 2420 noman,

273 2441 369 2503 Plena
382 2444 437 2502 sub
450 2443 517 2503 luce
530 2444 663 2521 dispexit

275 2534 418 2610 Quianam
431 2537 482 2597 ille
495 2555 589 2596 senex
602 2536 735 2615 glacialis

273 2629 448 2700 Asaiddret3
467 2630 648 2707 agnovitque
661 2628 850 2690 Brumalem.

274 2722 427 2783 Atilliab
441 2723 536 2782 oculis
548 2722 697 2796 lacrimae,
861 2741 864 2746 ·

275 2814 321 2876 Ut
334 2816 394 2874 rivi
407 2834 424 2875 c
437 2815 569 2889 lacubus,
583 2813 805 2892 liquescebant3
930 2849 933 2854 «

277 2906 459 2986 corpusque,
475 2912 565 2985 prdut
580 2907 632 2970 Sol
645 2909 778 2987 gestiam

279 3000 434 3081 Surgebat,
448 3004 675 3063 attenuabatur:

277 3094 411 3154 Tandem
424 3095 456 3154 in
468 3100 538 3155 adra
551 3095 601 3155 vel
614 3096 646 3154 in
658 3094 782 3153 humum
795 3093 939 3155 vanescit.

277 3186 353 3246 Mox
366 3188 431 3264 ipso
444 3189 477 3246 in
489 3188 560 3248 laria
573 3187 649 3260 foco,

278 3279 341 3340 Ubi
354 3281 454 3358 segnia
468 3279 633 3342 fumaverat
646 3281 734 3361 ignia,
