2259 3800
351 224 482 290 elenu
505 238 716 287 mnwnrnnu.
918 226 958 282 39

271 405 310 463 In
320 403 475 465 Orientem
489 409 678 474 trameentes,

268 497 371 576 Agros
385 498 535 573 cultisque
549 496 791 572 interstinguant.

273 590 326 652 Sol
340 593 459 650 tandem
474 590 556 648 coelo
571 587 684 646 decidit

273 683 446 744 Occidentis
459 682 601 741 fluetibus
615 682 763 754 innatans,

274 778 360 838 Sicut
373 778 496 835 rubrum
508 775 659 834 Autumni
673 773 778 833 folium

271 871 439 932 Deciduum
452 870 537 945 aquis
548 868 652 927 insidit

273 963 455 1040 Gremioque
468 961 605 1037 aequoris
620 961 764 1020 sorbetur.

312 1057 415 1133 Atque
429 1074 497 1115 ecce
509 1054 516 1113 1
552 1054 724 1113 adolescens
738 1054 854 1113 Zeanus

272 1150 351 1212 Cum
364 1149 447 1208 molli
461 1149 544 1207 crine
557 1147 719 1219 relucente,

273 1243 351 1305 Cum
363 1242 454 1301 viridi
461 1260 497 1300 eo
507 1258 612 1300 croceo
626 1240 738 1301 vestitu

272 1338 315 1397 Et
328 1354 451 1413 procero
465 1335 622 1393 cristarum
635 1332 799 1408 splendore,

276 1430 366 1491 Stans
380 1430 413 1487 in
426 1428 512 1500 ostio,
522 1427 630 1484 annuit
642 1444 741 1485 manu.

275 1524 371 1595 Tunc,
386 1529 420 1580 ut
430 1522 482 1597 qui
497 1520 647 1579 dormiens
660 1519 800 1592 ambulat,

248 1666 251 1675 ,
273 1616 410 1675 Marcone
425 1614 562 1690 pallidus,
580 1612 633 1670 sed
646 1612 825 1688 intrepidus,

273 1709 300 1768 Ε
315 1700 417 1769 casulia'
429 1708 506 1767 exiit
520 1705 690 1778 Hiewetha,

272 1801 350 1864 Cum
364 1802 462 1861 anno
475 1802 652 1861 luctaturus.

314 1896 390 1955 Mox
403 1914 476 1954 rura
488 1901 625 1953 rotantur
638 1893 797 1971 vertigine,

270 1990 429 2050 Permistis
443 1988 526 2047 coelo
539 2006 575 2046 ac
588 1987 695 2056 silvis;

274 2084 317 2143 Et
330 2082 401 2142 forti
414 2083 447 2141 in
460 2090 580 2158 pectore
595 2080 743 2139 subsultet

275 2176 336 2238 Cor
349 2176 403 2249 illi,
418 2182 453 2235 ut
465 2175 620 2251 acipeneer
630 2175 662 2232 vi
674 2171 771 2234 multia

277 2270 365 2329 Retia
374 2276 519 2345 rupturus
532 2267 662 2344 prosilit.

240 2413 245 2420 .
277 2364 433 2440 Tanquam
445 2361 573 2420 annulus
586 2361 666 2437 ignis
679 2360 773 2433 rutili,

276 2454 398 2516 Circium
411 2454 577 2532 flagrabant
587 2453 689 2511 infima
698 2454 774 2513 coeli
784 2477 793 2522 ;

276 2548 371 2623 Quasi
384 2556 504 2608 centnm
517 2565 578 2604 uno
590 2545 623 2603 in
633 2546 704 2604 orbe
719 2546 796 2606 ables

278 2642 369 2701 Illum
382 2642 526 2700 luctatum
542 2645 765 2699 contuerentur.

319 2733 365 2793 At
377 2741 501 2811 repente
512 2734 593 2793 solus
607 2732 772 2791 Hiawathe

278 2828 378 2888 Viridi
391 2828 424 2885 in
436 2824 530 2886 berbi
540 2833 619 2884 astat
632 2825 764 2898 relictus,

279 2920 451 2982 cartamine
464 2920 607 2978 anhelans
620 2917 731 2977 effreno
744 2940 755 2986 ς
842 2963 844 2969 .

278 3014 446 3090 Coramque
460 3012 617 3071 exanimus
625 3011 709 3087 jacet

277 3108 380 3167 Passis
393 3107 527 3165 crinibus
540 3104 722 3174 adolescens,

280 3197 383 3262 Oristi
396 3198 567 3273 vestituque
580 3195 715 3267 discisso,

281 3294 421 3361 Mortuus
435 3291 489 3350 sub
504 3289 565 3348 sole
579 3287 737 3347 occidenti.

280 3386 409 3460 Deinde,
424 3392 459 3445 ut
468 3383 601 3462 jusserat
614 3381 742 3455 Zeanus,
