2259 3800
173 107 213 163 90
413 104 486 163 Plot
506 104 547 182 of
559 103 608 163 the
629 104 779 181 Ppymier.

253 272 368 331 Debilis
382 273 538 348 procubuit
550 274 712 340 bonassus3

129 367 143 401 ⁶
256 365 351 425 Simul
364 384 440 424 unus
454 367 636 442 prospiciens
649 365 752 423 vultur

254 459 304 516 Ex
319 459 438 518 sublimi
451 477 504 534 per
517 477 604 517 auras
617 457 834 530 demittitur,-

257 551 364 613 stetim
375 552 458 625 ulter,
474 553 545 610 item
558 552 634 610 alter
648 569 744 627 porro,

253 645 429 721 Longinquo
442 664 482 703 ex
495 646 614 703 aethere
628 643 785 715 contuitus,

252 738 427 796 Devolantis
441 739 632 814 praecipitem
646 738 725 796 viam
827 762 829 771 ¹

249 831 400 907 Agnoscit
411 854 420 900 ;
433 849 504 888 mox
519 831 717 905 subsequitur,

254 924 281 981 E
295 942 383 983 caeco
397 923 544 999 profundo
557 923 632 981 caeli

251 1017 402 1089 Allubens,
417 1015 513 1093 primo
527 1025 561 1073 ut
574 1016 698 1088 macula,

252 1111 331 1168 Dein
346 1111 415 1183 iles,
431 1111 519 1168 immo
533 1110 698 1167 volturius:

253 1203 395 1277 Tandem,
410 1203 476 1261 aliis
490 1211 579 1278 atque
593 1202 660 1260 aliis
674 1201 930 1278 congregantibus,

251 1296 435 1355 Obscuratur
450 1297 553 1371 pennis
569 1296 642 1353 dies.

291 1389 398 1466 Neque
407 1390 485 1447 mila
495 1388 670 1465 singillatim
683 1386 819 1445 veniunt:

252 1482 322 1554 Sed,
337 1484 422 1558 quasi
436 1483 534 1540 clades
549 1483 686 1539 observet
700 1480 821 1552 cladem,

251 1576 323 1636 Una
338 1577 408 1633 siin
422 1576 561 1634 miserum
576 1574 738 1644 descendit,

252 1669 376 1728 Ceterae
390 1670 536 1746 gregatim
550 1669 780 1743 subsequuntur,

253 1762 354 1829 Levis,
369 1781 403 1820 ac
413 1781 484 1819 mox
495 1763 633 1834 atrocior,

251 1854 353 1914 Aucto
367 1857 398 1913 in
411 1856 499 1915 boras
513 1874 632 1932 angore,

253 1948 334 2007 Dum
347 1949 477 2007 tenebris
491 1968 541 2007 cor
554 1949 739 2007 obvolvatur.

292 2042 367 2100 Post
380 2042 561 2101 exstinctum
575 2042 761 2113 Chibiabum,
775 2041 920 2119 Pygmaei

254 2136 292 2194 In
306 2136 398 2194 vitam
413 2134 581 2207 Quasindee
596 2136 771 2212 conjurant3

254 2228 312 2289 Oui
326 2235 446 2305 propter
460 2230 551 2287 vireis
565 2230 751 2305 praevalidus

255 2322 397 2380 Invident
411 2319 554 2381 acerrimi
567 2318 690 2393 malitie,

256 2413 334 2487 Quia
347 2416 407 2491 ipsi
419 2416 521 2491 pusilli
536 2416 597 2473 sint
611 2421 700 2491 atque
715 2414 849 2473 invalidi.

254 2508 337 2585 Ergo
351 2526 419 2566 cum
433 2508 543 2565 divulis
557 2509 770 2568 amniculorum

254 2601 398 2660 Bellicam
413 2602 583 2660 societatem
599 2601 711 2673 ineunt,

256 2694 425 2767 Qnasiudae
438 2694 595 2753 molientes
610 2713 713 2753 necem

254 2788 377 2846 Insidiis
391 2786 503 2863 suique
517 2785 637 2846 astutiis.

254 2881 300 2940 Ut
313 2880 345 2938 in
358 2877 465 2957 cymbia
477 2880 573 2937 voluit
586 2878 708 2940 betuled

254 2974 366 3031 Rivnm
381 2974 436 3031 sub
450 2974 512 3032 sole
526 2974 713 3046 descendere,

256 3066 294 3124 In
307 3066 408 3140 rupeis
422 3069 497 3123 enisi
510 3068 616 3125 rubras

254 3158 335 3217 Loca
348 3159 520 3218 obumbrata
533 3165 719 3236 occuparunt

258 3250 406 3311 Sublimes
420 3252 451 3309 in
465 3251 620 3312 frondibus
634 3253 781 3323 arborum,
