2259 3800
170 115 209 177 78
402 114 791 194 Oriqiaosthequmtes.

254 289 446 370 Sagittariam
459 286 603 349 exercens
616 297 719 362 artem,

250 384 351 444 Arem
364 384 474 460 plumis
484 383 649 461 fulgentem

252 477 376 540 Crudeli
389 474 501 554 sagitte
514 476 693 537 vulneravit.

255 571 316 633 Sed
328 579 398 630 ante
411 566 502 646 pedes
515 571 544 629 ei
558 570 671 630 decidit

251 663 322 723 Ant
344 664 517 739 nentiquam
532 663 599 721 avis
612 670 761 739 pennata3

254 757 314 818 Sed
334 765 452 815 mortua
467 754 564 831 jacuit
584 756 805 818 adolescentula

251 851 363 910 Pulero
378 851 444 908 sinu
459 856 622 908 cruentata.

253 944 333 1003 'sum
347 942 446 1001 subite
460 951 609 1001 novantur
622 944 730 1002 omnia.

253 1037 332 1098 Nam
342 1035 464 1113 juvenis
477 1037 578 1096 ventis
591 1044 735 1113 raptatus,

253 1131 422 1191 Devehitur
437 1129 591 1190 Orientem
605 1129 721 1203 versus,

254 1225 317 1286 Ubi
330 1225 427 1282 Laetis
441 1224 555 1283 relucet
568 1225 673 1300 ingens
686 1247 696 1293 ;

253 1316 388 1394 Pestque
401 1316 539 1375 feruntur
551 1334 623 1376 aves
636 1316 705 1375 illae

255 1411 434 1483 volitantes,
449 1412 481 1469 vi
495 1407 590 1470 multe
602 1411 750 1488 abreptae,

254 1505 367 1564 Pennis
381 1505 508 1563 caducae
523 1504 641 1576 lucidis,

255 1599 302 1659 Ut
315 1598 396 1675 pieta
408 1597 576 1656 Auetumni
590 1596 670 1657 folia.

256 1690 393 1766 Denique
407 1690 549 1767 ipsarum
563 1689 676 1751 Ossaea
688 1690 788 1750 casula
896 1740 898 1743 .

257 1783 392 1859 Cumque
407 1779 545 1843 Owienit
557 1784 696 1859 pervenit
709 1783 805 1857 simul,

258 1876 363 1937 Donec
376 1876 477 1937 cuncti
491 1877 619 1936 insulam
633 1877 665 1936 in
678 1877 805 1937 viridem

260 1969 460 2042 Gramineam,
475 1970 627 2028 mediisin
640 1971 726 2046 aquis

258 2065 387 2123 Maximi
395 2064 494 2122 nostri
506 2062 614 2136 Laetis,
629 2070 856 2141 congregantur.

258 2157 320 2217 Ast
333 2176 413 2229 aves,
427 2158 535 2216 iterum
548 2163 687 2229 mutatae,

260 2251 399 2310 Formam
412 2250 532 2326 quidem
545 2267 760 2326 recuperavere
770 2249 938 2321 humanam,

263 2340 385 2405 Staturt
397 2339 527 2402 humanit
539 2343 689 2412 1111101011

261 2437 380 2515 Quippe
394 2436 426 2494 in
435 2436 604 2514 Pygmaeos
619 2442 785 2496 vertuntur.
900 2485 909 2494 .

259 2531 327 2591 Illie
341 2531 396 2589 sub
410 2526 498 2590 stelit
511 2526 682 2605 vespertinis

258 2624 395 2683 Amoeno
407 2622 529 2681 aestatis
540 2622 724 2697 0100110110,

258 2717 297 2776 In
311 2715 469 2776 salebrosis
479 2713 597 2773 insulae
611 2715 743 2793 scipulis

258 2810 318 2872 Vel
328 2810 436 2868 humili
448 2809 482 2867 in
501 2805 601 2881 arensi,
616 2808 752 2868 choream

257 2904 381 2965 Junetis
394 2901 531 2962 menibus
544 2909 686 2961 exercent
699 2922 706 2960 ε

260 2996 395 3071 Quorum
409 2996 464 3055 sub
474 2998 563 3055 astris
578 2995 765 3054 saltationem

257 3091 445 3166 Beatumque
459 3090 543 3149 vocis
557 3097 677 3148 cantum

258 3184 430 3243 Etiamnum
443 3183 527 3241 audit
540 3183 670 3259 piscator

257 3276 297 3336 In
307 3295 412 3337 sereno
425 3276 534 3336 aestivi
546 3274 710 3353 vesperis.''
