2259 3800
185 125 237 184 Ι66
407 120 528 182 Butam
543 120 618 180 ωἱεΙι
630 119 831 180 Mianehaltu.

274 309 335 369 Per
349 307 414 367 leca
427 307 584 381 silvestria,
599 307 760 383 pratensis,

276 401 387 463 Senem
400 403 538 478 linquens
552 401 717 460 solitarium

278 497 334 559 Sui
348 498 462 574 tugurii
476 498 508 555 in
517 492 622 572 janui..
692 522 694 529 v

276 591 323 650 At
336 592 515 666 praecipites
528 589 624 647 amnis
638 604 733 664 aquae

278 684 306 742 E
320 684 485 760 longinquo
497 682 682 758 alloquentes

280 771 402 836 Salvere
412 774 557 853 jubebant
572 773 795 833 Minnebaham.

321 868 421 928 Senex
434 869 472 926 ad
485 868 615 926 laborem
628 868 745 926 rediens

278 958 394 1037 Aprica
408 961 440 1019 in
449 957 542 1037 janui
555 960 648 1032 sedet,

281 1056 389 1118 Secum
402 1074 588 1115 murmurans
601 1055 817 1130 admiransque,
913 1063 915 1068 ’
939 1069 942 1075 ’

280 1150 369 1224 Qubd
383 1151 444 1208 filia
458 1150 568 1208 dilecta
580 1154 611 1207 et
627 1149 678 1223 pia

278 1244 401 1303 Patrem
414 1262 514 1302 senam
529 1243 595 1318 opis
609 1241 793 1317 indigentem
901 1244 904 1251 “

277 1337 401 1396 Deserit
414 1344 536 1412 propter
549 1336 685 1412 ignotum
694 1333 846 1410 juvenem,
864 1344 866 1347 ·

281 1428 342 1503 Qui
355 1430 461 1507 pennis
475 1428 581 1504 fulget,
596 1424 717 1486 calamis
731 1427 819 1485 ludit.

278 1523 370 1582 Hunc
384 1522 471 1598 virge
485 1521 622 1596 sequitur
635 1519 825 1594 pulcerrima,

281 1615 419 1690 Hospitis
432 1611 529 1690 gratia
541 1613 711 1687 relinquens
724 1613 823 1670 omnia
835 1608 844 1670 l

321 1707 465 1767 Ceterum
479 1705 690 1764 decedentibus
705 1705 763 1763 iter

283 1800 307 1860 J
308 1800 466 1872 ucundum,
481 1817 536 1857 nec
549 1799 680 1875 longum,
696 1796 869 1870 videbatur,

282 1893 342 1952 Per
356 1893 446 1951 silvas
460 1890 635 1951 immensum
648 1898 794 1963 extentas,

285 1987 346 2046 Per
360 1986 465 2043 florida
478 1992 572 2061 prata,
588 2003 642 2060 per
655 1985 790 2056 monteis,

283 2079 344 2139 Per
356 2080 464 2137 fluvios
479 2080 690 2156 depressusque
701 2075 874 2135 convalleis.
937 2103 940 2108 ⁴

285 2172 415 2231 Tardius
429 2172 624 2240 incedebant3
644 2189 715 2229 nam
727 2170 819 2229 vireis

286 2253 478 2341 Oon'jectabat
490 2265 541 2323 illa
554 2263 764 2336 Minnehabae,

288 2354 384 2432 Quam
398 2360 460 2418 suis
473 2360 506 2417 in
519 2358 648 2416 brachiis
662 2357 800 2433 portabat

287 2452 384 2510 Trans
397 2451 605 2510 latissimorum
619 2450 750 2507 amnium
762 2450 834 2521 vim,
895 2481 898 2488 ι

287 2545 354 2604 Nec
367 2546 534 2622 graviorem
547 2531 722 2601 aestimabat
734 2537 836 2619 pluma
930 2537 933 2544 ⁴

288 2638 348 2696 Vel
363 2625 552 2695 sud'verticis
567 2630 668 2694 cristi.

288 2729 466 2806 Impeditam
479 2728 630 2804 aperiebat
644 2727 788 2799 semitam,

288 2823 321 2882 N
322 2814 449 2897 actuque
463 2822 518 2880 sub
531 2838 680 2878 ramorum
694 2820 808 2879 fornica

290 2915 397 2976 Cubile
411 2934 428 2973 e
442 2914 548 2973 cicutis
562 2915 765 2986 construebat,

290 3009 360 3085 Igni
373 3027 390 3067 e
404 3008 499 3085 pineis
513 3006 698 3065 nucamentis

293 3100 388 3160 Siccis
402 3102 594 3159 ante-ostium
608 3117 743 3159 accense.

291 3192 369 3253 Cum
382 3193 608 3270 peragrantibus
622 3192 819 3268 peragrabant
832 3205 921 3251 aurae

287 3286 332 3343 ·In
346 3303 464 3361 campos
477 3287 643 3361 pratenseis
658 3285 818 3361 silvasque·
917 3315 941 3328 2·
