<?xml version="1.0" encoding="UTF-8"?>
<!DOCTYPE html PUBLIC "-//W3C//DTD XHTML 1.0 Transitional//EN"
    "http://www.w3.org/TR/xhtml1/DTD/xhtml1-transitional.dtd">
<html xmlns="http://www.w3.org/1999/xhtml" xml:lang="en" lang="en">
 <head>
  <title>
</title>
<meta http-equiv="Content-Type" content="text/html;charset=utf-8" />
  <meta name='ocr-system' content='tesseract 3.04.00' />
  <meta name='ocr-capabilities' content='ocr_page ocr_carea ocr_par ocr_line ocrx_word'/>
</head>
<body>
  <div class='ocr_page' id='page_1' title='image "./hiawatharendere00newmgoog_0097.png"; bbox 0 0 2259 3800; ppageno 0'>
   <div class='ocr_carea' id='block_1_1' title="bbox 356 124 715 170">
    <p class='ocr_par' dir='ltr' id='par_1_1' title="bbox 356 124 715 170">
     <span class='ocr_line' id='line_1_1' title="bbox 356 124 715 170; baseline 0.006 -2"><span class='ocrx_word' id='word_1_1' title='bbox 356 124 486 169; x_wconf 73' lang='lat' dir='ltr'><strong>cutm</strong></span> <span class='ocrx_word' id='word_1_2' title='bbox 507 126 715 170; x_wconf 72' lang='lat' dir='ltr'><strong>numum.</strong></span> 
     </span>
    </p>
   </div>
   <div class='ocr_carea' id='block_1_2' title="bbox 182 277 842 3419">
    <p class='ocr_par' dir='ltr' id='par_1_2' title="bbox 195 277 731 357">
     <span class='ocr_line' id='line_1_2' title="bbox 195 277 731 357; baseline 0.009 -22"><span class='ocrx_word' id='word_1_3' title='bbox 195 277 277 336; x_wconf 80' lang='lat' dir='ltr'><strong>Inter</strong></span> <span class='ocrx_word' id='word_1_4' title='bbox 289 277 375 354; x_wconf 87' lang='lat' dir='ltr'><strong>pinos</strong></span> <span class='ocrx_word' id='word_1_5' title='bbox 389 279 576 339; x_wconf 86' lang='lat' dir='ltr'><strong>densissimas</strong></span> <span class='ocrx_word' id='word_1_6' title='bbox 590 280 731 357; x_wconf 76' lang='lat' dir='ltr'><strong>illabitur,</strong></span> 
     </span>
    </p>

    <p class='ocr_par' dir='ltr' id='par_1_3' title="bbox 196 368 590 448">
     <span class='ocr_line' id='line_1_3' title="bbox 196 368 590 448; baseline 0.01 -20"><span class='ocrx_word' id='word_1_7' title='bbox 196 368 300 443; x_wconf 81' lang='lat' dir='ltr'><strong>Quoad</strong></span> <span class='ocrx_word' id='word_1_8' title='bbox 313 371 437 430; x_wconf 86' lang='lat' dir='ltr'><strong>anhelus</strong></span> <span class='ocrx_word' id='word_1_9' title='bbox 450 374 590 448; x_wconf 67' lang='lat' dir='ltr'><strong>pervenit</strong></span> 
     </span>
    </p>

    <p class='ocr_par' dir='ltr' id='par_1_4' title="bbox 194 462 611 536">
     <span class='ocr_line' id='line_1_4' title="bbox 194 462 611 536; baseline 0.007 -15"><span class='ocrx_word' id='word_1_10' title='bbox 194 462 306 522; x_wconf 88' lang='lat' dir='ltr'><strong>Lacum</strong></span> <span class='ocrx_word' id='word_1_11' title='bbox 320 464 426 523; x_wconf 86' lang='lat' dir='ltr'><strong>insulis</strong></span> <span class='ocrx_word' id='word_1_12' title='bbox 441 465 611 536; x_wconf 82' lang='lat' dir='ltr'><strong>differtum3</strong></span> 
     </span>
    </p>

    <p class='ocr_par' dir='ltr' id='par_1_5' title="bbox 195 556 555 634">
     <span class='ocr_line' id='line_1_5' title="bbox 195 556 555 634; baseline 0.006 -18"><span class='ocrx_word' id='word_1_13' title='bbox 195 556 267 629; x_wconf 89' lang='lat' dir='ltr'><strong>Ubi,</strong></span> <span class='ocrx_word' id='word_1_14' title='bbox 282 556 354 615; x_wconf 84' lang='lat' dir='ltr'><strong>folia</strong></span> <span class='ocrx_word' id='word_1_15' title='bbox 367 576 421 634; x_wconf 90' lang='lat' dir='ltr'><strong>per</strong></span> <span class='ocrx_word' id='word_1_16' title='bbox 437 558 555 618; x_wconf 82' lang='lat' dir='ltr'><strong>liliecen</strong></span> 
     </span>
    </p>

    <p class='ocr_par' dir='ltr' id='par_1_6' title="bbox 193 649 761 729">
     <span class='ocr_line' id='line_1_6' title="bbox 193 649 761 729; baseline 0.007 -22"><span class='ocrx_word' id='word_1_17' title='bbox 193 649 312 726; x_wconf 79' lang='lat' dir='ltr'>Perque</span> <span class='ocrx_word' id='word_1_18' title='bbox 325 650 419 710; x_wconf 87' lang='lat' dir='ltr'><strong>cirros</strong></span> <span class='ocrx_word' id='word_1_19' title='bbox 429 649 592 726; x_wconf 88' lang='lat' dir='ltr'><strong>juncorum</strong></span> <span class='ocrx_word' id='word_1_20' title='bbox 606 651 761 729; x_wconf 85' lang='lat' dir='ltr'><strong>implexos,</strong></span> 
     </span>
    </p>

    <p class='ocr_par' dir='ltr' id='par_1_7' title="bbox 192 742 644 805">
     <span class='ocr_line' id='line_1_7' title="bbox 192 742 644 805; baseline 0.007 -4"><span class='ocrx_word' id='word_1_21' title='bbox 192 742 275 803; x_wconf 86' lang='lat' dir='ltr'><strong>Inter</strong></span> <span class='ocrx_word' id='word_1_22' title='bbox 287 745 465 803; x_wconf 85' lang='lat' dir='ltr'><strong>arundineta</strong></span> <span class='ocrx_word' id='word_1_23' title='bbox 477 746 644 805; x_wconf 78' lang='lat' dir='ltr'><strong>insularum</strong></span> 
     </span>
    </p>

    <p class='ocr_par' dir='ltr' id='par_1_8' title="bbox 196 826 670 913">
     <span class='ocr_line' id='line_1_8' title="bbox 196 826 670 913; baseline 0.006 -18"><span class='ocrx_word' id='word_1_24' title='bbox 196 833 234 895; x_wconf 88' lang='lat' dir='ltr'><strong>Se</strong></span> <span class='ocrx_word' id='word_1_25' title='bbox 247 826 432 913; x_wconf 82' lang='lat' dir='ltr'><strong>remigabant</strong></span> <span class='ocrx_word' id='word_1_26' title='bbox 445 855 564 896; x_wconf 82' lang='lat' dir='ltr'><strong>anseres</strong></span> <span class='ocrx_word' id='word_1_27' title='bbox 578 838 670 898; x_wconf 84' lang='lat' dir='ltr'><strong>nivei.</strong></span> 
     </span>
    </p>

    <p class='ocr_par' dir='ltr' id='par_1_9' title="bbox 192 920 646 1007">
     <span class='ocr_line' id='line_1_9' title="bbox 192 920 646 1007; baseline 0.004 -20"><span class='ocrx_word' id='word_1_28' title='bbox 192 920 266 987; x_wconf 81' lang='lat' dir='ltr'><strong>Illas</strong></span> <span class='ocrx_word' id='word_1_29' title='bbox 277 929 310 987; x_wconf 91' lang='lat' dir='ltr'><strong>in</strong></span> <span class='ocrx_word' id='word_1_30' title='bbox 323 930 418 987; x_wconf 83' lang='lat' dir='ltr'><strong>undae</strong></span> <span class='ocrx_word' id='word_1_31' title='bbox 432 931 646 1007; x_wconf 81' lang='lat' dir='ltr'><strong>praecipitatus</strong></span> 
     </span>
    </p>

    <p class='ocr_par' dir='ltr' id='par_1_10' title="bbox 191 1020 677 1094">
     <span class='ocr_line' id='line_1_10' title="bbox 191 1020 677 1094; baseline 0.002 -14"><span class='ocrx_word' id='word_1_32' title='bbox 191 1020 317 1080; x_wconf 82' lang='lat' dir='ltr'><strong>Netavit</strong></span> <span class='ocrx_word' id='word_1_33' title='bbox 331 1023 482 1082; x_wconf 81' lang='lat' dir='ltr'><strong>ventosus</strong></span> <span class='ocrx_word' id='word_1_34' title='bbox 497 1023 528 1080; x_wconf 90' lang='lat' dir='ltr'><strong>in</strong></span> <span class='ocrx_word' id='word_1_35' title='bbox 542 1023 677 1094; x_wconf 87' lang='lat' dir='ltr'><strong>insulam,</strong></span> 
     </span>
    </p>

    <p class='ocr_par' dir='ltr' id='par_1_11' title="bbox 192 1113 653 1191">
     <span class='ocr_line' id='line_1_11' title="bbox 192 1113 653 1191; baseline -0.002 -17"><span class='ocrx_word' id='word_1_36' title='bbox 192 1113 394 1191; x_wconf 84' lang='lat' dir='ltr'><strong>Obsecratque</strong></span> <span class='ocrx_word' id='word_1_37' title='bbox 407 1134 526 1174; x_wconf 84' lang='lat' dir='ltr'><strong>anseres</strong></span> <span class='ocrx_word' id='word_1_38' title='bbox 539 1116 653 1188; x_wconf 88' lang='lat' dir='ltr'><strong>niveos,</strong></span> 
     </span>
    </p>

    <p class='ocr_par' dir='ltr' id='par_1_12' title="bbox 192 1207 644 1285">
     <span class='ocr_line' id='line_1_12' title="bbox 192 1207 644 1285; baseline -0.004 -17"><span class='ocrx_word' id='word_1_39' title='bbox 192 1207 236 1268; x_wconf 91' lang='lat' dir='ltr'><strong>Ut</strong></span> <span class='ocrx_word' id='word_1_40' title='bbox 249 1210 314 1285; x_wconf 90' lang='lat' dir='ltr'><strong>ipse</strong></span> <span class='ocrx_word' id='word_1_41' title='bbox 328 1208 379 1266; x_wconf 83' lang='lat' dir='ltr'><strong>fist</strong></span> <span class='ocrx_word' id='word_1_42' title='bbox 393 1210 468 1268; x_wconf 81' lang='lat' dir='ltr'><strong>civis</strong></span> <span class='ocrx_word' id='word_1_43' title='bbox 483 1210 644 1281; x_wconf 79' lang='lat' dir='ltr'><strong>anserinus,</strong></span> 
     </span>
    </p>

    <p class='ocr_par' dir='ltr' id='par_1_13' title="bbox 191 1300 621 1378">
     <span class='ocr_line' id='line_1_13' title="bbox 191 1300 621 1378; baseline 0 -19"><span class='ocrx_word' id='word_1_44' title='bbox 191 1300 261 1359; x_wconf 84' lang='lat' dir='ltr'><strong>Alis</strong></span> <span class='ocrx_word' id='word_1_45' title='bbox 275 1302 447 1360; x_wconf 80' lang='lat' dir='ltr'><strong>enormibus</strong></span> <span class='ocrx_word' id='word_1_46' title='bbox 456 1302 621 1378; x_wconf 70' lang='lat' dir='ltr'><strong>nigricans,</strong></span> 
     </span>
    </p>

    <p class='ocr_par' dir='ltr' id='par_1_14' title="bbox 190 1393 607 1466">
     <span class='ocr_line' id='line_1_14' title="bbox 190 1393 607 1466; baseline 0 -15"><span class='ocrx_word' id='word_1_47' title='bbox 190 1393 316 1453; x_wconf 89' lang='lat' dir='ltr'><strong>Pectore</strong></span> <span class='ocrx_word' id='word_1_48' title='bbox 329 1393 426 1452; x_wconf 90' lang='lat' dir='ltr'><strong>mollis</strong></span> <span class='ocrx_word' id='word_1_49' title='bbox 439 1395 607 1466; x_wconf 82' lang='lat' dir='ltr'><strong>rotundato,</strong></span> 
     </span>
    </p>

    <p class='ocr_par' dir='ltr' id='par_1_15' title="bbox 191 1486 802 1563">
     <span class='ocr_line' id='line_1_15' title="bbox 191 1486 802 1563; baseline 0.003 -19"><span class='ocrx_word' id='word_1_50' title='bbox 191 1486 348 1544; x_wconf 69' lang='lat' dir='ltr'><strong>Rostrmus</strong></span> <span class='ocrx_word' id='word_1_51' title='bbox 361 1493 500 1562; x_wconf 87' lang='lat' dir='ltr'><strong>tanquam</strong></span> <span class='ocrx_word' id='word_1_52' title='bbox 515 1486 632 1563; x_wconf 89' lang='lat' dir='ltr'><strong>duplice</strong></span> <span class='ocrx_word' id='word_1_53' title='bbox 646 1488 802 1560; x_wconf 85' lang='lat' dir='ltr'><strong>cochleari,</strong></span> 
     </span>
    </p>

    <p class='ocr_par' dir='ltr' id='par_1_16' title="bbox 189 1579 842 1655">
     <span class='ocr_line' id='line_1_16' title="bbox 189 1579 842 1655; baseline 0.005 -19"><span class='ocrx_word' id='word_1_54' title='bbox 189 1579 389 1655; x_wconf 87' lang='lat' dir='ltr'><strong>Plumoeoque</strong></span> <span class='ocrx_word' id='word_1_55' title='bbox 403 1579 479 1638; x_wconf 93' lang='lat' dir='ltr'><strong>collo</strong></span> <span class='ocrx_word' id='word_1_56' title='bbox 492 1579 639 1638; x_wconf 78' lang='lat' dir='ltr'><strong>relucens.</strong></span> <span class='ocrx_word' id='word_1_57' title='bbox 839 1651 842 1655; x_wconf 90' lang='lat'>.</span> 
     </span>
    </p>

    <p class='ocr_par' dir='ltr' id='par_1_17' title="bbox 190 1671 758 1750">
     <span class='ocr_line' id='line_1_17' title="bbox 190 1671 758 1750; baseline 0.004 -19"><span class='ocrx_word' id='word_1_58' title='bbox 190 1671 420 1749; x_wconf 84' lang='lat' dir='ltr'><strong>Respondebant</strong></span> <span class='ocrx_word' id='word_1_59' title='bbox 429 1672 505 1730; x_wconf 77' lang='lat' dir='ltr'><strong>r-si</strong></span> <span class='ocrx_word' id='word_1_60' title='bbox 518 1673 610 1732; x_wconf 84' lang='lat' dir='ltr'><strong>vellet</strong></span> <span class='ocrx_word' id='word_1_61' title='bbox 623 1675 758 1750; x_wconf 83' lang='lat' dir='ltr'><strong>equitare</strong></span> 
     </span>
    </p>

    <p class='ocr_par' dir='ltr' id='par_1_18' title="bbox 190 1765 586 1842">
     <span class='ocr_line' id='line_1_18' title="bbox 190 1765 586 1842; baseline 0 -19"><span class='ocrx_word' id='word_1_62' title='bbox 190 1765 227 1823; x_wconf 92' lang='lat' dir='ltr'><strong>In</strong></span> <span class='ocrx_word' id='word_1_63' title='bbox 237 1765 325 1824; x_wconf 91' lang='lat' dir='ltr'><strong>dorso</strong></span> <span class='ocrx_word' id='word_1_64' title='bbox 340 1765 432 1842; x_wconf 68' lang='lat' dir='ltr'><strong>Regis</strong></span> <span class='ocrx_word' id='word_1_65' title='bbox 446 1766 586 1838; x_wconf 82' lang='lat' dir='ltr'><strong>anserini,</strong></span> 
     </span>
    </p>

    <p class='ocr_par' dir='ltr' id='par_1_19' title="bbox 188 1857 675 1936">
     <span class='ocr_line' id='line_1_19' title="bbox 188 1857 675 1936; baseline 0.008 -20"><span class='ocrx_word' id='word_1_66' title='bbox 188 1857 225 1917; x_wconf 82' lang='lat' dir='ltr'><strong>Id</strong></span> <span class='ocrx_word' id='word_1_67' title='bbox 239 1857 284 1917; x_wconf 91' lang='lat' dir='ltr'><strong>illi</strong></span> <span class='ocrx_word' id='word_1_68' title='bbox 298 1876 329 1918; x_wconf 90' lang='lat' dir='ltr'><strong>se</strong></span> <span class='ocrx_word' id='word_1_69' title='bbox 342 1859 470 1918; x_wconf 86' lang='lat' dir='ltr'><strong>libenter</strong></span> <span class='ocrx_word' id='word_1_70' title='bbox 483 1859 675 1936; x_wconf 88' lang='lat' dir='ltr'><strong>permittere;</strong></span> 
     </span>
    </p>

    <p class='ocr_par' dir='ltr' id='par_1_20' title="bbox 188 1951 793 2031">
     <span class='ocr_line' id='line_1_20' title="bbox 188 1951 793 2031; baseline 0.005 -21"><span class='ocrx_word' id='word_1_71' title='bbox 188 1951 276 2010; x_wconf 87' lang='lat' dir='ltr'><strong>Nihil</strong></span> <span class='ocrx_word' id='word_1_72' title='bbox 288 1953 415 2029; x_wconf 89' lang='lat' dir='ltr'><strong>amplius</strong></span> <span class='ocrx_word' id='word_1_73' title='bbox 430 1971 514 2016; x_wconf 84' lang='lat' dir='ltr'><strong>suam</strong></span> <span class='ocrx_word' id='word_1_74' title='bbox 527 1971 593 2012; x_wconf 90' lang='lat' dir='ltr'><strong>esse</strong></span> <span class='ocrx_word' id='word_1_75' title='bbox 607 1959 793 2031; x_wconf 81' lang='lat' dir='ltr'><strong>potestatem</strong></span> 
     </span>
    </p>

    <p class='ocr_par' dir='ltr' id='par_1_21' title="bbox 189 2045 701 2119">
     <span class='ocr_line' id='line_1_21' title="bbox 189 2045 701 2119; baseline 0.002 -15"><span class='ocrx_word' id='word_1_76' title='bbox 189 2045 268 2104; x_wconf 86' lang='lat' dir='ltr'><strong>Tum</strong></span> <span class='ocrx_word' id='word_1_77' title='bbox 281 2046 376 2104; x_wconf 90' lang='lat' dir='ltr'><strong>multo</strong></span> <span class='ocrx_word' id='word_1_78' title='bbox 391 2046 517 2104; x_wconf 88' lang='lat' dir='ltr'><strong>clamore</strong></span> <span class='ocrx_word' id='word_1_79' title='bbox 532 2047 701 2119; x_wconf 87' lang='lat' dir='ltr'><strong>stridentes,</strong></span> 
     </span>
    </p>

    <p class='ocr_par' dir='ltr' id='par_1_22' title="bbox 191 2137 782 2215">
     <span class='ocr_line' id='line_1_22' title="bbox 191 2137 782 2215; baseline 0 -16"><span class='ocrx_word' id='word_1_80' title='bbox 191 2137 267 2199; x_wconf 81' lang='lat' dir='ltr'><strong>Cum</strong></span> <span class='ocrx_word' id='word_1_81' title='bbox 283 2138 464 2198; x_wconf 88' lang='lat' dir='ltr'><strong>creberrimo</strong></span> <span class='ocrx_word' id='word_1_82' title='bbox 477 2158 642 2215; x_wconf 88' lang='lat' dir='ltr'><strong>pennarum</strong></span> <span class='ocrx_word' id='word_1_83' title='bbox 656 2140 782 2215; x_wconf 86' lang='lat' dir='ltr'><strong>strepitu</strong></span> 
     </span>
    </p>

    <p class='ocr_par' dir='ltr' id='par_1_23' title="bbox 186 2231 551 2304">
     <span class='ocr_line' id='line_1_23' title="bbox 186 2231 551 2304; baseline -0.003 -14"><span class='ocrx_word' id='word_1_84' title='bbox 186 2231 237 2290; x_wconf 88' lang='lat' dir='ltr'><strong>Ex</strong></span> <span class='ocrx_word' id='word_1_85' title='bbox 250 2232 433 2290; x_wconf 89' lang='lat' dir='ltr'><strong>arundinetis</strong></span> <span class='ocrx_word' id='word_1_86' title='bbox 447 2232 551 2304; x_wconf 90' lang='lat' dir='ltr'><strong>coorti,</strong></span> 
     </span>
    </p>

    <p class='ocr_par' dir='ltr' id='par_1_24' title="bbox 186 2324 677 2401">
     <span class='ocr_line' id='line_1_24' title="bbox 186 2324 677 2401; baseline 0 -19"><span class='ocrx_word' id='word_1_87' title='bbox 186 2324 380 2401; x_wconf 70' lang='lat' dir='ltr'><strong>Dereliqubre</strong></span> <span class='ocrx_word' id='word_1_88' title='bbox 395 2342 481 2383; x_wconf 86' lang='lat' dir='ltr'><strong>suum</strong></span> <span class='ocrx_word' id='word_1_89' title='bbox 495 2324 677 2401; x_wconf 80' lang='lat' dir='ltr'><strong>supplicem:</strong></span> 
     </span>
    </p>

    <p class='ocr_par' dir='ltr' id='par_1_25' title="bbox 187 2416 768 2494">
     <span class='ocr_line' id='line_1_25' title="bbox 187 2416 768 2494; baseline 0 -19"><span class='ocrx_word' id='word_1_90' title='bbox 187 2416 256 2491; x_wconf 78' lang='lat' dir='ltr'><strong>Qui,</strong></span> <span class='ocrx_word' id='word_1_91' title='bbox 271 2436 382 2494; x_wconf 84' lang='lat' dir='ltr'><strong>gnarus</strong></span> <span class='ocrx_word' id='word_1_92' title='bbox 395 2418 555 2476; x_wconf 81' lang='lat' dir='ltr'><strong>adventare</strong></span> <span class='ocrx_word' id='word_1_93' title='bbox 570 2418 768 2489; x_wconf 84' lang='lat' dir='ltr'><strong>Hiawatham,</strong></span> 
     </span>
    </p>

    <p class='ocr_par' dir='ltr' id='par_1_26' title="bbox 185 2510 651 2583">
     <span class='ocr_line' id='line_1_26' title="bbox 185 2510 651 2583; baseline -0.002 -14"><span class='ocrx_word' id='word_1_94' title='bbox 185 2510 270 2570; x_wconf 89' lang='lat' dir='ltr'><strong>Inter</strong></span> <span class='ocrx_word' id='word_1_95' title='bbox 283 2510 395 2569; x_wconf 83' lang='lat' dir='ltr'><strong>insulas</strong></span> <span class='ocrx_word' id='word_1_96' title='bbox 408 2510 525 2570; x_wconf 80' lang='lat' dir='ltr'><strong>occulte</strong></span> <span class='ocrx_word' id='word_1_97' title='bbox 538 2517 651 2583; x_wconf 84' lang='lat' dir='ltr'><strong>natans,</strong></span> 
     </span>
    </p>

    <p class='ocr_par' dir='ltr' id='par_1_27' title="bbox 186 2603 736 2771">
     <span class='ocr_line' id='line_1_27' title="bbox 186 2603 736 2681; baseline 0 -18"><span class='ocrx_word' id='word_1_98' title='bbox 186 2604 319 2663; x_wconf 76' lang='lat' dir='ltr'><strong>Tandem</strong></span> <span class='ocrx_word' id='word_1_99' title='bbox 331 2621 435 2661; x_wconf 87' lang='lat' dir='ltr'><strong>rursus</strong></span> <span class='ocrx_word' id='word_1_100' title='bbox 449 2605 486 2661; x_wconf 83' lang='lat' dir='ltr'><strong>ad</strong></span> <span class='ocrx_word' id='word_1_101' title='bbox 500 2604 588 2662; x_wconf 88' lang='lat' dir='ltr'><strong>littus</strong></span> <span class='ocrx_word' id='word_1_102' title='bbox 603 2603 736 2681; x_wconf 87' lang='lat' dir='ltr'><strong>pertigit.</strong></span> 
     </span>
     <span class='ocr_line' id='line_1_28' title="bbox 224 2695 690 2771; baseline -0.002 -16"><span class='ocrx_word' id='word_1_103' title='bbox 224 2696 315 2755; x_wconf 92' lang='lat' dir='ltr'><strong>Illum</strong></span> <span class='ocrx_word' id='word_1_104' title='bbox 329 2696 489 2760; x_wconf 80' lang='lat' dir='ltr'><strong>Hiawathc</strong></span> <span class='ocrx_word' id='word_1_105' title='bbox 503 2695 690 2771; x_wconf 87' lang='lat' dir='ltr'><strong>conspicatur</strong></span> 
     </span>
    </p>

    <p class='ocr_par' dir='ltr' id='par_1_28' title="bbox 185 2784 624 2866">
     <span class='ocr_line' id='line_1_29' title="bbox 185 2784 624 2866; baseline -0.002 -18"><span class='ocrx_word' id='word_1_106' title='bbox 185 2789 222 2848; x_wconf 93' lang='lat' dir='ltr'><strong>In</strong></span> <span class='ocrx_word' id='word_1_107' title='bbox 235 2790 315 2848; x_wconf 90' lang='lat' dir='ltr'><strong>nube</strong></span> <span class='ocrx_word' id='word_1_108' title='bbox 329 2789 461 2866; x_wconf 88' lang='lat' dir='ltr'><strong>pulveris</strong></span> <span class='ocrx_word' id='word_1_109' title='bbox 475 2784 624 2848; x_wconf 72' lang='lat' dir='ltr'><strong>verticosti</strong></span> 
     </span>
    </p>

    <p class='ocr_par' dir='ltr' id='par_1_29' title="bbox 184 2883 769 2959">
     <span class='ocr_line' id='line_1_30' title="bbox 184 2883 769 2959; baseline -0.002 -18"><span class='ocrx_word' id='word_1_110' title='bbox 184 2883 269 2959; x_wconf 86' lang='lat' dir='ltr'><strong>Ipsae</strong></span> <span class='ocrx_word' id='word_1_111' title='bbox 283 2889 402 2959; x_wconf 88' lang='lat' dir='ltr'><strong>praeter</strong></span> <span class='ocrx_word' id='word_1_112' title='bbox 415 2901 520 2941; x_wconf 82' lang='lat' dir='ltr'><strong>arenas</strong></span> <span class='ocrx_word' id='word_1_113' title='bbox 535 2888 769 2958; x_wconf 89' lang='lat' dir='ltr'><strong>procurrentem.</strong></span> 
     </span>
    </p>

    <p class='ocr_par' dir='ltr' id='par_1_30' title="bbox 186 2974 748 3051">
     <span class='ocr_line' id='line_1_31' title="bbox 186 2974 748 3051; baseline -0.007 -16"><span class='ocrx_word' id='word_1_114' title='bbox 186 2974 246 3035; x_wconf 84' lang='lat' dir='ltr'><strong>Sed</strong></span> <span class='ocrx_word' id='word_1_115' title='bbox 260 2977 395 3051; x_wconf 82' lang='lat' dir='ltr'><strong>quamvis</strong></span> <span class='ocrx_word' id='word_1_116' title='bbox 410 2974 555 3035; x_wconf 87' lang='lat' dir='ltr'><strong>velocitur</strong></span> <span class='ocrx_word' id='word_1_117' title='bbox 569 2975 748 3050; x_wconf 86' lang='lat' dir='ltr'><strong>insequatur,</strong></span> 
     </span>
    </p>

    <p class='ocr_par' dir='ltr' id='par_1_31' title="bbox 182 3069 668 3145">
     <span class='ocr_line' id='line_1_32' title="bbox 182 3069 668 3145; baseline -0.004 -18"><span class='ocrx_word' id='word_1_118' title='bbox 182 3070 229 3127; x_wconf 88' lang='lat' dir='ltr'><strong>At</strong></span> <span class='ocrx_word' id='word_1_119' title='bbox 241 3070 343 3128; x_wconf 82' lang='lat' dir='ltr'><strong>Pictas</strong></span> <span class='ocrx_word' id='word_1_120' title='bbox 357 3069 469 3145; x_wconf 89' lang='lat' dir='ltr'><strong>Rupeis</strong></span> <span class='ocrx_word' id='word_1_121' title='bbox 484 3085 668 3139; x_wconf 84' lang='lat' dir='ltr'><strong>cavernosae,</strong></span> 
     </span>
    </p>

    <p class='ocr_par' dir='ltr' id='par_1_32' title="bbox 183 3161 682 3238">
     <span class='ocr_line' id='line_1_33' title="bbox 183 3161 682 3238; baseline -0.008 -17"><span class='ocrx_word' id='word_1_122' title='bbox 183 3161 281 3221; x_wconf 76' lang='lat' dir='ltr'><strong>Laetis</strong></span> <span class='ocrx_word' id='word_1_123' title='bbox 294 3164 431 3238; x_wconf 86' lang='lat' dir='ltr'><strong>rurisque</strong></span> <span class='ocrx_word' id='word_1_124' title='bbox 444 3162 533 3237; x_wconf 89' lang='lat' dir='ltr'><strong>louge</strong></span> <span class='ocrx_word' id='word_1_125' title='bbox 546 3161 682 3231; x_wconf 76' lang='lat' dir='ltr'><strong>arbitres,</strong></span> 
     </span>
    </p>

    <p class='ocr_par' dir='ltr' id='par_1_33' title="bbox 184 3252 742 3330">
     <span class='ocr_line' id='line_1_34' title="bbox 184 3252 742 3330; baseline -0.007 -15"><span class='ocrx_word' id='word_1_126' title='bbox 184 3256 298 3315; x_wconf 80' lang='lat' dir='ltr'><strong>Tamen</strong></span> <span class='ocrx_word' id='word_1_127' title='bbox 312 3262 438 3330; x_wconf 85' lang='lat' dir='ltr'><strong>occupat</strong></span> <span class='ocrx_word' id='word_1_128' title='bbox 451 3254 585 3329; x_wconf 86' lang='lat' dir='ltr'><strong>trepidus</strong></span> <span class='ocrx_word' id='word_1_129' title='bbox 599 3252 742 3330; x_wconf 84' lang='lat' dir='ltr'><strong>perfuga:</strong></span> 
     </span>
    </p>

    <p class='ocr_par' dir='ltr' id='par_1_34' title="bbox 183 3345 739 3419">
     <span class='ocr_line' id='line_1_35' title="bbox 183 3345 739 3419; baseline -0.011 -9"><span class='ocrx_word' id='word_1_130' title='bbox 183 3349 246 3410; x_wconf 90' lang='lat' dir='ltr'><strong>Ubi</strong></span> <span class='ocrx_word' id='word_1_131' title='bbox 259 3369 278 3408; x_wconf 84' lang='lat' dir='ltr'><strong>a</strong></span> <span class='ocrx_word' id='word_1_132' title='bbox 291 3355 409 3409; x_wconf 87' lang='lat' dir='ltr'><strong>vetusto</strong></span> <span class='ocrx_word' id='word_1_133' title='bbox 423 3347 566 3406; x_wconf 87' lang='lat' dir='ltr'><strong>montium</strong></span> <span class='ocrx_word' id='word_1_134' title='bbox 579 3345 739 3419; x_wconf 85' lang='lat' dir='ltr'><strong>Daemnne,</strong></span> 
     </span>
    </p>
   </div>
   <div class='ocr_carea' id='block_1_3' title="bbox 0 0 1134 3800">
    <p class='ocr_par' dir='ltr' id='par_1_35' title="bbox 0 0 1134 3800">
     <span class='ocr_line' id='line_1_36' title="bbox 0 0 1134 3800; baseline 0 3"><span class='ocrx_word' id='word_1_135' title='bbox 0 0 1134 3800; x_wconf 95' lang='lat' dir='ltr'><strong> </strong></span> 
     </span>
    </p>
   </div>
  </div>
 </body>
</html>
