2259 3800
177 224 217 282 36
406 218 602 279 Hiowatlsu’a
622 217 797 296 Wresttinq.

257 395 304 455 Ut
316 391 396 454 noris
407 394 542 470 repletus
553 390 619 452 vita
631 415 640 461 3

257 488 388 564 Jamque
401 507 469 563 spes
482 487 667 546 mandentia
679 494 710 544 et
723 487 810 563 vigor

257 583 319 642 Per
332 589 437 658 peetus
449 599 618 657 nervosque
632 580 811 639 subsultant.

299 675 348 733 Ibi
362 676 417 733 sub
430 669 573 732 rutilante
587 674 706 749 vesperi

262 768 508 829 colluctabantur
522 769 589 826 sine
599 768 678 826 fine:

264 861 325 922 seo
338 869 450 938 quanto
464 868 580 919 certant
593 861 808 933 vehementius,

261 954 404 1031 Augetur
416 955 464 1012 vis
478 954 667 1025 Hiawathae,

262 1046 368 1106 Donec
381 1053 474 1104 ruunt
488 1048 600 1105 circum
613 1047 754 1105 tenebrae

261 1141 366 1216 Atque
379 1141 468 1198 ardea
481 1141 543 1197 suis
556 1158 574 1198 e
587 1139 721 1198 latibulis

264 1232 350 1291 Inter
362 1233 487 1309 paludes
500 1233 663 1308 strepitans

263 1326 408 1386 Dolorem
419 1345 454 1386 ao
468 1324 577 1385 famem
590 1327 757 1402 profitetur.

266 1420 352 1478 Tune
367 1420 494 1491 Zeanns‚
508 1422 526 1450 ‘⁴
536 1418 609 1478 Jam
622 1420 694 1477 satis
707 1419 781 1491 est,'’

266 1513 444 1572 Hiewathae
457 1513 594 1571 arridens
607 1513 707 1587 inquit
720 1533 728 1570 ε

267 1609 286 1637 “
299 1605 359 1666 Sed
372 1624 447 1678 eras,
463 1606 523 1665 sole
537 1606 702 1677 occidente,

267 1698 381 1757 Iterum
397 1706 427 1757 te
440 1699 531 1757 venio
542 1697 728 1773 probatum.”

307 1791 367 1849 His
381 1792 481 1862 dietis,
496 1791 578 1850 illico
591 1791 732 1850 evanuit:

269 1885 390 1957 Utrum,
406 1884 492 1943 velut
504 1884 616 1960 pluvia,
630 1885 796 1960 absorptus,

268 1979 368 2050 Anne,
383 1978 468 2036 velut
481 1978 599 2050 nebula,
614 1979 775 2053 dispersus,

269 2071 377 2147 Neque
391 2071 469 2128 vidit
482 2090 579 2145 neque
593 2072 705 2129 sciebat
719 2071 889 2129 Hiawatha.

269 2164 437 2222 Evanuisse
450 2164 537 2221 modo
551 2164 637 2222 illum
651 2166 752 2237 sensit,

273 2257 371 2332 Seque
385 2257 549 2315 desolatum
563 2257 699 2330 deficere,

272 2351 353 2409 Dum
367 2351 449 2408 lasus
462 2358 545 2426 patet
560 2352 663 2409 subter
676 2350 844 2422 nebulosus,

273 2444 315 2502 Et
329 2462 456 2519 superne
470 2451 576 2502 natant
589 2452 679 2503 estre.

314 2537 387 2597 Cras
401 2544 490 2613 etque
504 2545 624 2613 postero
638 2539 706 2606 die3

275 2630 401 2703 Quando
417 2631 469 2691 Sol
483 2649 537 2706 per
550 2632 664 2689 eoelum
679 2631 869 2702 descendens,

275 2725 431 2801 Tanquam
444 2743 542 2800 pruna
554 2725 647 2781 rutila
660 2732 749 2799 atque
762 2724 869 2784 ardens

274 2818 302 2876 Ε
316 2819 457 2877 Numinis
473 2816 612 2893 Supremi
625 2815 701 2890 foco,

276 2912 314 2970 In
328 2930 420 2988 aquas
434 2912 573 2969 occiduas
588 2911 762 2987 degreditur
775 2934 783 2978 ;

276 3004 370 3063 Venit
385 3004 501 3063 Zeanus
514 3004 547 3062 in
560 3012 720 3074 certamen,

278 3097 373 3156 Venit
386 3098 564 3173 probaturus
578 3096 780 3167 Hiawetham

279 3190 424 3248 Adventu
438 3191 591 3262 obscurus,
606 3190 736 3266 ignotus,

278 3284 325 3344 Ut
337 3302 387 3341 ros
400 3302 441 3342 ex
455 3284 536 3341 inani
550 3287 676 3359 apparet

278 3377 322 3436 Et
333 3394 437 3435 rursus
450 3377 483 3433 in
496 3377 585 3434 inane
597 3376 686 3445 redit,
