2259 3800
191 163 230 221 64
391 161 586 221 Euanthen
599 161 735 241 Nuptial
756 160 835 240 cufi.

271 336 356 396 Haec
369 336 406 396 de
415 335 528 413 juvene
541 338 666 413 quodam
681 342 830 408 venatore,

271 430 331 504 Qui
345 431 470 507 sagittas
483 432 577 506 patris
592 431 708 506 pridem
721 437 852 508 emerat3

272 523 368 597 Quem
381 542 451 583 sane
464 532 549 600 pater
562 524 735 583 laudaverat

270 617 317 678 Ut
329 616 437 676 fortem
452 618 551 675 virum
564 623 654 693 atque
668 634 813 694 sagacem.

269 711 390 770 Numne
403 710 511 768 iterum
524 728 543 768 a
555 717 686 769 torrente
699 705 883 769 Minnehahi

269 804 354 863 Idem
367 802 445 862 forte
458 803 583 879 sagittas
597 811 680 879 petet
687 802 744 861 i-

270 897 357 956 Talia
370 897 524 968 meditans,
540 897 643 955 vacuis
657 897 760 969 oculis,

269 991 379 1049 Manus
393 990 555 1049 intermisit
569 990 741 1050 industrias.

268 1082 352 1142 Inter
365 1084 438 1142 haec
451 1083 602 1141 frondium
616 1084 741 1159 agitatio

267 1175 311 1235 Et
322 1177 449 1235 hominis
462 1177 582 1254 gnossiis
595 1178 735 1235 auditur:

267 1271 344 1329 Mox
358 1270 443 1347 genis
457 1277 488 1329 et
502 1269 602 1328 fronte
616 1267 734 1330 fervidi

267 1365 392 1423 Damam
405 1364 437 1421 in
450 1362 574 1422 humero
588 1371 710 1439 portans

266 1457 384 1517 Prediit
398 1457 514 1516 subitus
528 1457 699 1516 Hiawatha.

307 1551 397 1609 Illum
412 1546 518 1608 serari
531 1568 599 1608 cum
612 1546 757 1609 modestiia

266 1643 364 1703 Vetus
377 1643 554 1720 sagittarum
568 1642 651 1701 faber

266 1735 437 1814 Assnrgens
452 1736 567 1795 salvere
576 1736 672 1812 jubet.

269 1828 330 1890 Sed
342 1829 503 1889 Hiawatha
516 1830 631 1888 damam
644 1849 684 1888 ex
697 1829 820 1888 humere

266 1922 319 1982 Ad
333 1923 458 2001 virginis
472 1924 562 2000 pedes
577 1924 717 2001 deponit;

267 2016 352 2090 Quae
364 2014 425 2074 leni
438 2019 524 2076 vultu
538 2037 573 2077 ac
586 2036 660 2078 rece

266 2109 381 2168 Iterum
390 2107 477 2184 jubet
490 2111 575 2169 illum
589 2111 711 2184 salvere,

266 2203 370 2279 Atque
384 2203 415 2261 in
429 2204 581 2280 tugurium
595 2205 715 2264 inritat.

265 2296 410 2372 Amplum
424 2314 494 2354 sanc
508 2304 571 2354 erat
584 2298 745 2374 tugurium,

264 2387 359 2465 cujus
372 2407 425 2465 per
439 2389 529 2446 altam
537 2388 660 2464 januam

263 2482 392 2540 Erectus
406 2482 563 2540 intraverit
576 2483 754 2552 Hiawatha3

266 2574 325 2635 Sed
339 2576 448 2634 cristae
462 2593 501 2633 ex
515 2575 623 2651 aquilis
638 2575 781 2635 inhibent.

262 2668 399 2726 Parietes
412 2668 534 2745 tugurii,
550 2667 678 2744 depelle
693 2665 814 2728 cervini

264 2760 432 2821 Corticibus
445 2758 601 2833 macerati,
617 2760 717 2819 albent
730 2761 818 2819 nitidi
829 2783 836 2828 ;

261 2854 406 2931 Ejusdem
420 2855 451 2911 in
465 2853 576 2911 aulaeis
590 2854 702 2929 depicti

262 2948 395 3026 Fulgent
408 2944 451 3006 Di
465 2947 657 3006 Dacctarum.

262 3040 323 3102 Sed
337 3041 532 3112 Minnehahe,
546 3046 663 3116 promto
676 3038 751 3110 cibo,

262 3135 382 3210 Aquam
397 3152 413 3192 e
427 3133 526 3192 rivulo
540 3133 642 3191 attulit
655 3153 663 3201 ς

262 3228 371 3289 Cibum
384 3227 525 3286 fictilibus
539 3227 572 3283 in
585 3225 662 3297 ollis,

260 3321 370 3381 Potum
384 3320 416 3376 in
428 3319 538 3396 ligneis
551 3321 672 3396 pateris.
