2259 3800
368 368 500 413 omri
520 371 732 417 mawnrflsn.

205 523 357 601 Jubctque
372 527 509 586 celeriter
522 529 662 606 subsequi

205 615 335 674 Domum
348 617 452 693 sejam
465 621 584 679 tandem
596 623 778 687 redeuntem.

244 709 439 780 Decesserat3
460 722 490 771 et
504 716 596 773 ceteri
609 723 770 796 torpentes,

206 801 304 862 Nocte
316 812 348 863 et
361 804 524 865 infortunio
538 809 620 882 victi,

204 895 323 955 Plureis
336 915 390 973 per
402 898 490 957 horas
503 898 692 974 quieverunt.

207 987 348 1061 Tandem,
362 990 452 1067 longo
465 994 585 1051 excussi
599 1014 709 1070 somno,

205 1078 360 1140 Acerrime
374 1083 591 1144 inflammantur
603 1091 700 1149 corde.

207 1173 283 1231 Mox
296 1174 360 1250 ipse
374 1175 535 1235 Hiawatha
547 1181 708 1242 adveniens

207 1262 258 1325 Iria
271 1266 461 1327 acerbissima
478 1280 616 1335 movetur

206 1358 248 1417 Et
260 1367 434 1420 cunctorum
447 1365 576 1424 concitat
590 1370 710 1427 animos.

203 1452 315 1527 Placet,
330 1453 527 1515 fraudatorem
541 1460 666 1537 insequi,

205 1545 314 1622 Iniqua
326 1548 481 1609 detrahere
494 1561 589 1629 rapta,

205 1639 308 1715 Atque
322 1642 420 1717 ipsum
433 1644 509 1703 male
522 1647 665 1706 mulcere:

205 1732 303 1809 Igitur
316 1733 395 1794 facto
407 1739 525 1814 agmine
539 1747 713 1799 excurrunt.

243 1828 340 1887 Periti
354 1830 514 1906 indagandi
528 1841 683 1893 venatores

204 1923 439 2000 Deprehendunt
451 1925 579 1986 Ventosi
593 1928 727 1988 semitam

203 2017 264 2076 Per
277 2018 368 2076 silvas
382 2026 470 2096 atque
484 2021 515 2078 in
529 2023 780 2097 promontorium

205 2112 439 2190 Impressamquc
452 2121 558 2173 notant
571 2114 703 2188 formam,

205 2206 268 2267 Ubi
281 2225 388 2284 corpus
402 2210 434 2265 in
448 2209 583 2266 vaccinia
599 2207 772 2284 projecerat.

206 2300 340 2360 Tandem
354 2303 451 2377 ipsum
465 2301 554 2378 longe
567 2302 724 2378 aspiciunt,

204 2393 329 2453 Necnon
342 2395 525 2469 aspiciuntur
540 2395 638 2454 simul.

204 2487 269 2560 Ille,
284 2488 456 2565 intelligens
467 2488 585 2560 uarum,

206 2579 381 2656 Quanquam
395 2581 573 2640 insultanter
586 2598 751 2656 provocans
764 2585 858 2657 gestu,

203 2673 317 2733 Tamen
333 2692 364 2732 se
377 2674 410 2731 in
423 2692 541 2734 omnum
555 2675 690 2751 proripit,

203 2766 343 2826 Defessos
357 2766 443 2825 facile
457 2783 650 2843 exsuperans.

204 2860 264 2918 Per
278 2878 360 2932 saxa,
375 2867 458 2917 trans
471 2862 562 2933 rivos,
578 2851 632 2936 per
645 2859 774 2930 dumeta

205 2951 344 3030 Oapreoli
358 2954 452 3012 instar
464 2946 658 3030 persultabat,

203 3046 310 3105 Donec¹
320 3047 352 3104 in
364 3044 468 3105 medid-
476 3044 555 3106 silua

204 3138 256 3198 Ad
269 3140 465 3215 tranquillum·
475 3139 614 3216 pervenit
627 3129 813 3209 amniculum,

207 3230 268 3292 Suo
282 3251 371 3309 super
384 3234 516 3311 margine
530 3239 758 3308 restagnantem,

204 3323 324 3402 Quippe
337 3344 446 3403 aggere
461 3332 658 3385 sustentatum
671 3324 787 3383 fibrino.

934 362 973 418 85

203 3417 271 3478 Illic
284 3413 404 3479 arbores
417 3435 496 3497 genu
509 3426 596 3477 tenus
610 3425 696 3475 erant
708 3418 880 3508 immersam
912 3395 916 3404 ,
1012 3467 1016 3474 .
1033 3446 1043 3460 ·

202 3510 270 3574 Illic
282 3512 346 3571 lilia
358 3504 516 3571 fluitabant
527 3512 677 3588 aquatilia,

202 3602 226 3664 J
226 3607 355 3684 uncique
367 3599 522 3667 motabiles
537 3607 740 3666 susurrabant.
