2259 3800
191 240 230 308 24

421 249 571 329 Boplood
583 251 623 331 of
631 240 807 311 ffloaotaa.

310 421 414 483 Media
427 443 515 500 porro
528 431 615 484 nocte
630 426 656 484 si
670 432 793 484 noctuas
807 424 924 484 audiret

269 516 307 575 In
322 513 399 575 silvia
412 514 572 576 ululanteis
585 518 822 587 arridenteisv03

272 604 449 682 “Quidnam
463 618 510 668 est
522 606 580 669 hoc
593 610 630 669 ?''
644 613 767 670 territus
781 610 960 686 quaerebat;

272 700 350 760 Tum
364 704 441 760 alma
453 703 596 762 Nocomit
611 702 654 762 sic
668 705 855 780 explicabat:

272 794 446 853 “Noctuam
459 803 492 853 tu
506 796 590 855 audis
606 815 673 856 cum
687 798 823 856 noctuolo

269 886 373 947 Patria
387 885 441 947 eui
454 882 598 966 inungui
612 891 823 967 colloquentels

275 980 347 1041 Sive
358 980 487 1056 alloquio
501 983 564 1041 sive
575 983 715 1060 jurgiis?

310 1072 427 1133 Deinde
441 1090 550 1150 parvus
564 1076 615 1136 ille
629 1072 789 1135 Hiawatha
945 1150 950 1157 ,

270 1168 386 1226 Avium
399 1168 589 1246 omnigenum
603 1170 766 1229 sermonem
780 1170 892 1241 didicit,

270 1261 444 1337 Harumque
459 1269 489 1321 et
498 1265 617 1322 nomina
630 1270 660 1322 et
673 1262 764 1323 artois
777 1280 916 1331 arcanam

270 1353 337 1426 Quo
350 1360 435 1430 pacto
443 1354 553 1414 aestate
560 1357 756 1429 nidificarent,

269 1442 399 1506 Ubinam
412 1446 509 1508 hieme
523 1469 555 1508 ee
569 1444 794 1509 absconderent.

269 1540 363 1598 Hisce
377 1543 493 1616 quoties
507 1532 626 1600 obviam
639 1544 732 1615 fieret,
747 1543 966 1620 colloquebatur

269 1632 438 1709 Pallorque
453 1634 629 1693 Hiaioo‘tlrae
643 1636 820 1712 appellabat.

310 1725 453 1784 Ferarum
466 1746 536 1784 mox
550 1729 654 1786 itldem
668 1730 774 1788 didloit
785 1738 955 1801 sermonem,

268 1817 301 1876 N
301 1819 458 1894 ominaque
472 1829 572 1877 earum
586 1827 617 1878 et
630 1823 720 1880 arteis
735 1838 873 1881 arcanae:

268 1912 315 1973 Ut
328 1913 394 1970 fibri
408 1914 522 1972 casulas
536 1913 768 1989 contabularent,

269 2006 401 2065 Ubinam
415 2007 507 2064 eciuri
521 2005 655 2083 glandeia
669 2009 849 2079 conderent3

269 2099 356 2169 Tum,
372 2115 460 2175 quam
473 2099 563 2157 velox
578 2109 711 2160 curreret
723 2099 873 2175 tarandue,

270 2190 371 2265 Quare
384 2199 529 2251 metueret
542 2193 616 2251 adeo
630 2195 794 2255 cuniculus.

270 2285 379 2357 Home,
395 2285 420 2343 si
434 2287 551 2360 quando
565 2286 663 2346 forant
677 2288 767 2360 obvii,
783 2288 983 2365 compellabat,

270 2376 444 2454 Indiditqne
457 2398 572 2452 nomen,
587 2381 714 2440 Fratres
727 2379 921 2442 Hiaaoatlroe.

309 2469 461 2548 Deinceps
474 2472 559 2550 Iago,
574 2493 707 2533 summus
715 2473 854 2551 jactator,

269 2565 473 2623 Mirandarum
487 2573 622 2625 narrator
635 2568 811 2641 fabularum,

268 2658 488 2736 Peregrinator,
503 2660 615 2734 loquax
628 2660 764 2733 nimium,

270 2749 410 2830 Ceterum
424 2752 536 2808 amicus
550 2752 658 2809 babilae
671 2751 853 2827 Nocomidis‚

265 2841 384 2903 Arcum
398 2842 525 2902 confecit
538 2843 715 2905 Hiawathae

270 2936 297 2994 E
311 2937 392 2994 ramo
406 2935 543 2995 fraxineo
554 2938 723 3014 figuratum,

271 3029 348 3090 Cum
362 3031 480 3107 sagittis
494 3049 511 3090 e
525 3029 639 3108 querna
653 3031 740 3110 virga

271 3121 361 3183 Silice
374 3123 524 3200 praefixis,
539 3139 615 3201 pone
629 3128 775 3201 pennatis,

268 3216 388 3292 Proque
402 3221 495 3275 nervo
509 3217 638 3277 intendit
652 3219 758 3294 'pellem
772 3222 942 3292 cervinam3

268 3310 372 3385 Atque
387 3308 437 3366 ille
451 3309 629 3369 Hiatiathae
644 3309 740 3371 dixitz

270 3406 289 3437 “
299 3401 338 3462 1n
352 3401 457 3461 silvam
471 3403 529 3475 abi,
543 3406 586 3460 mi
599 3407 685 3480 puer,
