2259 3800
356 240 486 284 GARMEN
507 240 715 282 mewl‘rnsu.

418 717 565 778 CAPUT
585 717 643 777 VI.

376 891 468 935 emm
489 890 702 934 messum.

198 1044 286 1103 Duos
300 1061 371 1120 prae
385 1043 492 1102 ceteris
506 1043 616 1103 amicos

194 1137 355 1196 Hiawathe
368 1136 456 1194 unice
471 1137 615 1213 diligebat

194 1226 307 1289 Intimi
320 1229 474 1288 devinctos
488 1230 727 1299 necessitudin03
742 1237 745 1243 ’

195 1320 335 1399 (Quibus,
351 1322 416 1380 sive
429 1323 563 1399 gaudens
578 1324 642 1382 sive
656 1323 760 1382 dolens

195 1416 359 1474 Dexteram
372 1416 469 1474 cordis
485 1416 655 1492 porrigebat
664 1415 688 1494 ς)

199 1505 383 1576 cersiacum,
398 1508 527 1566 musicae
541 1501 678 1582 pe'ritum,

918 224 958 278 43

194 1602 298 1677 Atque
310 1601 464 1659 hominum
478 1601 694 1660 validissimum
712 1601 914 1672 Qumindam.

232 1694 350 1770 Aperta
363 1694 442 1751 inter
455 1693 510 1751 hos
526 1701 587 1752 tres
601 1695 706 1754 semita

193 1786 354 1862 Nunquam
368 1794 414 1844 est
428 1786 488 1843 situ
502 1788 630 1847 obsessa.

195 1878 278 1956 Ergo
290 1898 389 1939 rerum
403 1878 547 1939 milarum
563 1881 745 1959 vulgatores,

192 1973 278 2031 Aves
291 1971 438 2031 fallaciam
452 1974 627 2049 garrientes,

190 2066 327 2125 Auribus
342 2066 439 2125 delata
451 2067 603 2127 hausturis

191 2159 346 2231 carebant,
360 2177 457 2235 neque
471 2160 549 2220 inter
562 2162 652 2221 hosce

193 2249 366 2312 Simultates
379 2258 517 2326 poterant
531 2274 642 2314 serere.

193 2345 272 2404 Nam
286 2346 365 2405 iuter
378 2367 410 2406 se
425 2354 526 2424 aperte
541 2349 744 2425 colloquentes

193 2437 326 2497 Consilia
339 2449 443 2499 mutuo
456 2442 631 2514 reticebant,

192 2527 274 2589 Dum
286 2533 452 2608 ponderant
465 2543 555 2609 atque
570 2536 744 2611 excogitant

192 2624 238 2683 Ut
251 2625 392 2684 humanas
406 2635 583 2703 prosperent
596 2628 722 2703 genteis.

234 2716 413 2777 Uerissimus
426 2720 514 2797 longe
528 2720 706 2780 Hiawathae

191 2811 282 2869 Lenis
297 2812 348 2871 ille
362 2810 525 2872 Ohibiabus
539 2808 606 2887 fuit,

190 2903 285 2963 Manu
299 2907 498 2981 peritissimus
512 2908 651 2980 musicae,

192 2994 275 3057 Voce
288 3007 408 3059 cantus
423 3002 625 3059 suavissimus.

188 3088 297 3149 Pulcer
311 3091 362 3151 ille
376 3100 408 3151 et
421 3112 562 3170 perquam
576 3092 713 3168 simplex,

188 3181 294 3243 Fortis
304 3185 361 3259 vir,
373 3183 502 3246 seminet
516 3187 684 3259 teneritate,
758 3248 761 3254 ,

191 3275 319 3338 Flexilis
333 3280 428 3339 instar
441 3280 572 3356 salignae
586 3280 699 3357 virgae,

189 3368 235 3430 Ut
248 3390 355 3432 cervus
368 3381 511 3433 cornutus
525 3374 669 3435 eminens.
