2259 3800
330 245 460 289 omn
480 245 688 289 numum.

170 402 238 479 Qui
250 402 404 462 hominum
416 402 534 481 genteis
547 400 703 478 adjuvaret

172 495 324 575 Suumque
337 496 496 556 extolleret
510 496 664 573 populum.

210 587 238 650 Ο
252 591 304 666 qui
318 607 386 648 eum
398 586 518 648 Nuturi
531 590 636 648 umetis
653 590 814 663 obversari,

170 680 232 755 Qui
245 682 346 757 eprieu
358 682 486 759 diligitis
500 690 596 758 prete,

171 773 232 847 Qui
246 775 412 833 umbrosam
425 775 555 837 saltuum
569 776 705 834 semitam

170 867 362 943 Ventumque
376 869 455 926 iuter
467 886 575 940 ramos,

170 959 273 1036 Atque
286 961 412 1019 imbrem
425 978 478 1019 seu
491 960 654 1037 pluvialem
667 979 720 1020 eeu
734 961 879 1035 nivosum,

170 1054 213 1113 Et
226 1054 386 1112 fluviorum
399 1054 568 1130 ingentium
582 1055 723 1113 decursus

170 1147 231 1206 Per
244 1145 375 1207 claustra
388 1146 467 1223 pinis
480 1146 610 1216 vallem

172 1238 289 1316 Quique
303 1240 444 1297 tonitrum
457 1240 562 1297 ametis
576 1247 755 1311 montanum,

170 1330 265 1407 Cujus
279 1336 365 1390 vices
379 1331 459 1390 ultra
471 1350 625 1393 numerum
638 1333 767 1404 reboant,

172 1425 266 1485 Velut
279 1425 342 1483 ulae
354 1425 518 1500 aquilarum
531 1425 705 1500 plaudentes
715 1447 724 1494 3

170 1516 283 1576 Audite
296 1516 430 1576 effreneis
443 1518 497 1575 hae
511 1516 634 1591 fabulas,

171 1610 348 1670 Hiuwuthee
361 1611 469 1668 mirum
482 1628 610 1669 carmen.

211 1701 270 1777 Qui
283 1703 438 1779 popularia
450 1703 575 1779 diligitis
590 1703 704 1762 mutim

171 1795 330 1873 vagusque
343 1795 428 1872 vulgi
441 1795 617 1867 historiolae,

172 1888 264 1963 Quae,
278 1908 384 1949 vocum
397 1888 623 1965 longinquarum
636 1889 737 1964 iustu,

172 1983 289 2041 Morum
302 2000 355 2040 noe
369 1982 526 2058 aureisque
539 1989 667 2057 poscunt

170 2072 317 2149 Oblequio
331 2075 465 2149 simplice
478 2092 512 2133 ae
527 2074 644 2151 puerili,

172 2165 266 2239 Quod,
281 2166 358 2225 sitne
373 2185 467 2225 sermo
481 2185 519 2225 au
535 2169 650 2240 cantus,

171 2259 236 2317 Vix
250 2262 342 2335 possit
356 2261 436 2317 auris
450 2259 610 2335 dijudicare
623 2283 674 2329 3-
829 2313 831 2316 .

172 2349 200 2412 Ο
214 2353 312 2411 audite
325 2352 497 2411 Iudicanam
511 2372 605 2412 meam
618 2353 755 2427 fabulum,

172 2442 348 2503 Hiewuthae
361 2446 468 2503 mirum
482 2464 609 2505 cmmen.

210 2537 283 2609 Vos,
298 2538 404 2613 quibus
418 2556 468 2596 eor
481 2546 528 2597 est
541 2540 689 2617 integrum
702 2559 736 2599 ae
750 2542 876 2618 simplex
887 2566 894 2611 ;

173 2628 233 2703 Qui
245 2630 311 2689 Deo
325 2631 471 2690 confiditis
485 2650 519 2690 ee
533 2632 684 2702 Naturae3

173 2722 233 2796 Qui
246 2724 398 2783 hominum
412 2725 524 2782 animos
538 2727 661 2784 creditis

173 2814 328 2875 Humanoe
342 2835 406 2876 esee
420 2835 473 2893 per
488 2837 573 2878 omne
588 2820 719 2878 seculum
727 2844 736 2889 ;

173 2905 215 2968 Et
228 2918 332 2985 pectus
345 2908 441 2969 ferum
454 2911 657 2987 incultumque

174 3001 287 3061 Temen
301 3021 418 3079 cupere,
433 3022 529 3075 avere,
545 3006 691 3077 contendi,

171 3094 257 3153 Bona
269 3115 375 3172 parum
388 3097 536 3156 intellectu
549 3107 711 3171 expeteus;

172 3185 215 3246 Et
227 3207 345 3246 manum
358 3189 503 3247 iufinnem
516 3191 655 3266 imperiti,

173 3278 234 3353 Qui
247 3282 302 3339 sub
316 3282 446 3341 tenebris
460 3281 597 3359 explorat
610 3284 675 3356 iter,

173 3372 298 3434 Caecum
312 3380 410 3435 tumen
423 3375 481 3435 Dei
494 3375 633 3435 dexterae
658 3388 660 3390 ’

486 3484 506 3525 Β
527 3470 546 3526 2

916 233 934 286 3
