2259 3800
371 344 501 387 CABbsslN
522 343 732 386 mausum.

251 492 334 567 Quae
348 495 475 571 desuper
487 495 573 572 aquis
586 495 788 554 imminebant:

248 586 297 645 Ibi
311 606 379 646 oum
392 588 459 646 telis
473 588 687 663 exspectabant
700 589 824 648 hostem.

249 680 289 752 Is,
305 682 507 757 pomeridiano
522 690 654 759 temporo

249 772 377 833 Aestivo
392 776 477 852 segni
492 776 661 852 suffocante,

250 864 312 925 Sub
325 869 435 944 apricis
448 870 539 928 radiis
552 870 647 930 lassus

246 959 412 1021 Levissimo
426 963 601 1023 illabebatur
615 968 743 1042 aequori,

245 1052 428 1114 Decursibus
443 1057 617 1116 scintillanti
631 1059 818 1128 maeatarum,

245 1144 328 1204 Atina
340 1151 522 1210 mussatione
535 1152 732 1229 implentium.

243 1236 373 1316 Jamque
386 1249 453 1317 post
467 1241 600 1303 fervores
615 1247 669 1305 sub
686 1247 791 1304 umbra
820 1297 823 1301 .

246 1329 358 1409 Sopore
371 1334 433 1393 leni
446 1336 574 1395 afficitur

243 1423 279 1480 M
280 1425 367 1485 itione
380 1429 546 1503 permulsus
560 1428 641 1504 auria,

244 1516 285 1575 Et
299 1520 360 1577 vim
374 1539 521 1582 remorum
535 1525 690 1586 deminuit.

241 1610 393 1689 Pygmaei,
408 1618 493 1692 gnari
504 1616 687 1691 Quasindam

242 1703 280 1760 In
294 1707 405 1766 vertice
418 1710 506 1768 modo
516 1712 622 1786 eapitis
636 1713 794 1785 infirmum,

242 1786 329 1858 Hanc
342 1808 457 1875 partem
470 1806 652 1863 nuoamentia
667 1813 781 1882 petunt,

243 1888 304 1951 Suo
316 1893 377 1953 telo
390 1915 424 1954 ae
439 1894 524 1957 olavi
536 1896 653 1960 bellico.

243 1982 293 2044 Sic
306 1985 416 2062 pusillo
429 1990 587 2065 pulsabant
600 1991 693 2071 plagia

239 2077 329 2138 Alius
342 2088 431 2157 atque
444 2083 520 2142 alius
534 2086 666 2144 validum
679 2087 786 2160 virum,

241 2169 310 2244 Qui,
324 2175 418 2252 magis
431 2178 585 2254 magisque
599 2179 766 2257 languidus,

239 2265 338 2341 Magis
351 2269 504 2345 magisque
519 2273 733 2333 somniculosus

240 2356 302 2417 Sub
316 2360 402 2418 cirris
416 2362 584 2422 betularum
597 2367 843 2443 impendentibus,

237 2449 313 2509 Leni
326 2470 468 2528 aquarum
483 2474 604 2517 susurro

235 2543 284 2602 Ao
298 2564 426 2605 consono
440 2549 620 2610 inseotarum
632 2571 793 2626 murmure,

236 2636 318 2696 Telis
332 2639 551 2717 Pygmaeorum
565 2646 767 2718 conturbatus,

235 2727 342 2806 Capite
356 2735 437 2791 omni
450 2754 485 2794 ao
498 2745 599 2799 mente
613 2745 705 2812 natat,

234 2821 389 2899 Tanquam
403 2827 428 2884 si
443 2828 597 2907 longinqui
611 2834 706 2894 undas

233 2913 346 2975 Oeeaui
360 2920 461 2979 audiat
474 2925 709 2987 tumultuanteis.

231 3007 307 3066 Mox
320 3028 391 3070 rura
404 3014 600 3075 obscurantur
613 3025 645 3076 et
658 3020 751 3095 ripae,

231 3100 398 3179 Mansisque
413 3107 443 3163 in
457 3127 556 3184 genua
570 3111 720 3172 decidunt.

232 3193 317 3253 Tune
331 3195 439 3256 fortius
452 3207 540 3276 atque
554 3201 651 3260 aerius
665 3204 734 3264 telis

228 3286 343 3347 Petunt
355 3293 488 3351 nutantis
501 3294 643 3352 verticem
655 3318 665 3365 ;

230 3379 334 3457 Atque
348 3401 426 3457 ecoe,
441 3386 595 3445 declinans
608 3388 730 3465 oblique

228 3472 255 3530 E
270 3473 385 3553 cymba,
400 3497 510 3555 pronus
524 3480 718 3559 immergitur,

936 331 974 386 91
