2259 3800
482 247 547 308 The
559 248 751 329 Peuce-pipo.

270 421 366 481 Rivcs
379 422 532 499 planarios,
547 441 640 495 ursos,
655 423 805 495 bonassos,

272 514 426 591 Caprenm,
440 515 608 589 terendum,
621 533 764 589 anserem,
778 517 896 574 librum.

270 608 401 667 Paludes
415 609 595 681 volucribus,
611 610 743 685 piscibus
756 609 870 668 amneio

271 700 416 776 Replevi:
440 706 538 760 etcur
551 720 612 760 non
626 702 758 761 contenti
768 701 862 762 estis?

271 793 333 855 Cur
346 795 434 853 horno
447 795 598 854 hominem
611 794 762 854 venatur?

271 886 385 947 Taedet
397 906 445 946 me
458 895 625 946 vestrarum
635 889 755 960 irarum,

269 980 422 1038 Bellorum
435 981 592 1056 caedisque
604 981 781 1056 reciprocae,

273 1073 437 1149 Pnecisque
450 1073 569 1131 ultricis
582 1081 613 1131 et
622 1071 718 1149 jurgii
732 1073 888 1133 discordis.

268 1166 314 1224 At
327 1167 412 1224 vobis
425 1184 465 1225 ex
475 1184 621 1225 consensu
634 1172 723 1240 erunt
736 1166 836 1236 vires3

271 1256 341 1320 Solia
355 1278 394 1319 ex
405 1256 610 1319 discordiosas
620 1260 794 1336 periculum.

268 1353 352 1430 Ergo
365 1353 472 1413 dehinc
486 1353 565 1412 inter
579 1371 634 1411 vos
647 1353 826 1428 paoeminor,

268 1445 310 1504 Et
323 1445 394 1518 una,
405 1454 547 1522 tanquam
560 1444 677 1517 fratres,
692 1446 834 1522 degitote.

308 1541 327 1571 “
336 1539 445 1598 Vatem
454 1538 619 1615 juridicum
632 1540 670 1596 ad
683 1558 739 1596 vos
750 1539 867 1615 legebo,

266 1631 425 1690 Arbitrum
439 1633 580 1708 gentibus
595 1632 752 1702 salubrem,
802 1644 805 1647 ’

268 1723 330 1797 Qui
343 1731 429 1801 reget
442 1743 496 1782 vos
510 1731 600 1798 etque
615 1722 742 1794 docebit,

269 1818 432 1877 Laborabit
445 1835 480 1875 ao
494 1817 680 1893 perpetietur
692 1816 856 1875 vobiscum.

266 1912 368 1989 Hujus
383 1912 410 1970 si
423 1911 556 1971 consiliis
570 1909 724 1982 obedietis,

265 2005 373 2064 Plures
386 2005 464 2063 fietis
477 2023 512 2063 ac
525 2004 745 2080 prosperiores:

268 2097 323 2158 Sin
336 2096 530 2174 neglexeritis
544 2095 610 2171 ejus
623 2097 755 2170 monitis,

268 2191 491 2249 Evenescentes
505 2189 654 2265 peribitis.

308 2281 436 2355 “Quare
450 2282 508 2341 hdo
521 2283 554 2340 in
567 2281 689 2342 flumine
702 2282 835 2343 immersi

266 2377 394 2436 Abluite
407 2376 515 2435 bellica
528 2376 691 2453 pigmenta,

268 2469 431 2547 Sanguinis
444 2469 576 2527 maculas
590 2469 694 2547 digitis
707 2469 881 2546 abstergite,

266 2562 375 2623 clavas
389 2561 510 2621 bellicas
524 2581 560 2621 ac
572 2562 634 2621 tela
646 2562 781 2637 sepelite.

265 2653 334 2715 Hice
348 2673 388 2715 ex
400 2652 564 2731 lapicidinis
578 2663 696 2713 erutum
710 2673 817 2713 saxum

265 2749 304 2807 In
317 2766 418 2807 russos
432 2749 515 2824 pacis
528 2747 649 2805 tubulos
662 2748 842 2825 confingite:

265 2841 346 2900 Dein
359 2840 529 2912 arundines,
544 2858 621 2915 quae
629 2838 722 2914 juxta
735 2850 883 2913 crescunt,
959 2880 962 2886 -

266 2933 450 2994 clarissimis
464 2934 602 2991 decorate
617 2932 732 3007 pennis,

247 3031 249 3038 ’
266 3027 316 3098 Et,
332 3027 509 3085 concordem
522 3026 704 3101 respirantes
718 3024 841 3100 sumum,

265 3120 384 3179 Dehinc
397 3126 432 3178 ut
446 3118 554 3178 fratres
569 3119 728 3197 degitote.’'

305 3212 426 3271 Exinde
438 3213 597 3272 bellatores
611 3231 700 3288 super
713 3212 837 3272 humum

263 3304 362 3365 Pallia
374 3303 563 3380 projecerunt
577 3314 608 3364 et
621 3306 760 3385 nebridas

267 3396 345 3459 Cum
357 3397 426 3457 telis
439 3403 471 3456 et
483 3404 590 3473 paratu
602 3398 730 3467 bellico3
