2259 3800
329 286 460 332 CARMEN
479 286 688 332 HIAWATHAE·

169 448 283 507 Ursum
296 450 476 517 montanum,
492 444 638 503 interemi.

168 539 306 611 Demum,
321 557 413 614 quum
426 537 482 594 tibi
496 536 605 595 Mortis
618 536 697 595 oeuli

168 633 229 691 Per
243 632 379 690 tenebras
393 630 534 688 horrendi
547 629 740 707 effulgebunt,

168 725 236 802 Ego
250 732 349 783 tecum
362 741 488 799 regnum
501 723 733 783 communicabo.

169 818 290 877 Exinde
303 824 337 875 tu
352 816 444 876 Cauri
457 816 596 892 accipies,

169 911 263 970 Venti
276 911 453 981 Penetralis,
467 910 630 986 regimen.’'

210 1005 294 1081 Ergo
307 1004 425 1061 domum
438 1003 517 1060 redit
531 1002 700 1075 Hiawatha,

170 1098 260 1156 Ruris
273 1103 432 1173 prospectu
441 1094 505 1171 jam
518 1095 622 1168 laetus,

172 1190 313 1265 Caelique
327 1189 407 1247 auris
421 1188 576 1264 perfruens
589 1212 598 1258 3
646 1176 647 1181 ¹

169 1284 290 1343 Etenim
304 1285 348 1341 ira
362 1283 537 1341 discesserat
550 1283 707 1354 acerba,-

169 1377 201 1435 A
214 1383 313 1435 mente
327 1376 450 1433 ultionis
463 1375 628 1448 meditatio,

169 1470 221 1529 Ab
234 1470 331 1527 animo
345 1467 540 1526 febriculosus
554 1469 652 1529 ardor.

212 1561 273 1622 Sed
286 1579 420 1638 gressum
433 1560 563 1618 tardavit
577 1560 676 1633 semel,

172 1655 270 1716 Semel
283 1654 484 1712 tantummodo
497 1660 629 1711 moratus
643 1661 698 1726 est,

170 1750 216 1811 Ut
228 1769 247 1808 a
259 1755 360 1807 vetere
374 1747 547 1825 sagittarum
562 1746 647 1805 fabro

170 1845 330 1903 Muorones
344 1841 512 1918 sagittarios
526 1844 674 1901 coemeret

170 1935 273 1999 Medis
287 1939 319 1996 in
332 1939 454 2016 regione
467 1937 658 2011 Daeotarum,

171 2033 235 2095 Ubi
248 2033 425 2110 praecipites
439 2031 643 2091 Minnehahae

170 2126 232 2186 Per
245 2132 384 2201 querceta
397 2123 514 2202 fulgent
527 2143 621 2200 aquae

171 2220 269 2296 Inque
283 2218 390 2277 vallem
403 2218 534 2276 ridentes
548 2219 702 2279 desiliunt.

212 2311 261 2371 Ibi
274 2318 361 2371 vetus
375 2311 551 2387 sagittarum
564 2310 648 2369 faber

172 2405 224 2464 Ex
238 2422 378 2463 arenaoeo
393 2423 467 2462 saxo
481 2411 571 2479 atque
585 2422 624 2463 ex
637 2404 750 2478 achate,

172 2497 224 2556 Ex
238 2497 320 2555 silice
334 2502 422 2572 atque
436 2496 553 2572 iaspdre
567 2495 754 2573 confingebat

172 2588 334 2649 Muerones
348 2589 522 2665 sagittarum
537 2589 732 2666 acutissimos,

173 2682 299 2755 Eduros,
314 2700 407 2756 usque
420 2682 458 2739 ad
472 2681 566 2740 aciem
579 2682 696 2758 politos,

173 2775 312 2851 Impenso
326 2775 499 2849 coemendos
513 2775 621 2852 pretio.

173 2868 267 2945 Apud
280 2886 348 2926 eum
360 2865 514 2926 habitabat
527 2868 589 2927 fllia

174 2960 281 3038 Nigris
295 2960 388 3019 oeulis
402 2961 516 3034 deeora,

173 3055 221 3116 Ut
233 3054 299 3128 ipsa
311 3053 496 3112 Minnehdha
510 3053 669 3126 versatilis,

174 3146 298 3207 Mobilis
312 3148 390 3205 inter
403 3147 538 3204 umbram
550 3163 586 3203 ao
594 3145 693 3221 jubar,
806 3145 808 3149 ’

175 3240 273 3301 Vultu
286 3239 434 3298 arridente
448 3258 500 3297 seu
513 3238 650 3313 adducto,

174 3324 308 3393 Pedibus
320 3333 415 3391 instar
429 3333 573 3390 undarum
586 3332 707 3408 rapidis,

177 3428 332 3493 cincinnis
345 3429 440 3487 instar
452 3427 598 3488 undamn
610 3428 780 3502 fluentibus,
