2259 3800
189 246 229 303 26

392 244 477 305 Feret
490 244 590 324 Beoty
603 245 644 325 of
651 245 828 308 fflawathe.

271 421 347 478 Mox
362 419 463 480 desilit
477 420 563 479 dama
576 420 608 479 in
622 421 768 496 semitam,

270 513 394 574 Umbris
408 513 548 572 foliorum
562 515 743 574 distinctam.

274 605 351 666 Sane
361 607 526 683 palpitabat
539 625 590 666 cor
603 608 763 680 venatoris,

150 775 151 778 Ἴ
269 698 363 758 Velut
377 718 505 776 superne
519 701 686 759 tremebant
698 699 779 759 circa

271 791 447 851 Betulurum
460 792 532 851 folia
544 812 579 853 ac
593 793 724 865 frondes,

270 885 352 943 Dum
366 885 430 944 fera
443 887 578 944 semitam
593 887 735 946 decurrit.

311 978 357 1036 At
370 997 429 1037 uno
444 979 581 1037 suffultus
594 998 673 1056 genu

273 1071 434 1130 Hiawatha
447 1072 547 1131 emisit
560 1073 708 1150 sagittam.

272 1163 338 1222 Vix
351 1166 471 1242 virgula
483 1166 696 1238 dimovebatur,

272 1257 337 1315 Vix
351 1256 415 1316 folii
429 1260 616 1318 excitabatur
630 1277 729 1331 sonus,

271 1348 385 1410 Tamen
397 1352 494 1410 resilit
507 1354 593 1410 dama
605 1352 761 1429 praevigil‚

273 1441 439 1520 Oonjuncto
452 1447 561 1522 pedum
575 1446 643 1503 nisu
657 1445 858 1521 supplodens3

272 1535 342 1597 Uno
355 1539 431 1614 pede
445 1539 559 1597 sublato
573 1539 729 1611 auscultat,

271 1629 351 1689 Dein
365 1631 480 1707 prosilit
493 1637 528 1690 ut
542 1632 668 1710 sagittae
681 1650 867 1692 occursurus.

273 1723 343 1782 Heu
358 1723 365 1780 i
385 1721 493 1783 canori
506 1722 559 1783 ille
574 1744 609 1783 ac
622 1722 688 1784 diris
704 1723 821 1801 sagittis,

263 1815 357 1874 Velut
369 1835 387 1874 a
400 1813 493 1892 vespd
506 1817 658 1890 stridente,
673 1819 824 1895 pungitur·

311 1910 381 1969 Illic
394 1912 555 1969 occubabat
569 1912 600 1969 in
614 1909 692 1972 silvi,

271 2003 356 2063 Citra
369 2022 485 2062 amnem
498 2005 578 2063 circa
591 2004 711 2078 vadum,

268 2096 334 2155 Ne'c
342 2095 406 2171 jam
419 2096 509 2173 hujus
520 2116 570 2156 cor
584 2099 720 2173 palpitat.

267 2189 365 2264 Atqui
379 2208 429 2247 cor
444 2190 558 2249 scilicet
571 2190 750 2251 Hiawathae

270 2280 388 2342 Gaudio
401 2282 535 2352 hauritur
548 2285 727 2358 exsultante,

268 2375 313 2435 Ut
323 2375 414 2434 feram
425 2377 542 2434 domum
555 2385 695 2454 reportat,

266 2468 387 2547 lagonis
402 2476 490 2545 atque
502 2489 586 2529 carae
599 2471 773 2530 Nocomidis

267 2561 370 2621 Laude
381 2562 546 2638 plausuque
558 2563 717 2622 fruiturus.

305 2653 332 2712 Ε
346 2656 422 2730 pelle
434 2654 524 2731 hujus
539 2656 641 2714 damae
651 2655 794 2715 Nocomis

267 2747 397 2806 Pallium
411 2747 482 2806 fecit
496 2748 684 2808 Hiawathae.

270 2840 321 2898 Ex
335 2859 422 2900 carne
436 2842 537 2899 damae
551 2839 693 2899 Nocomis

268 2932 398 3009 Epulum
413 2933 444 2990 in
457 2933 599 2991 honorem
610 2934 674 3009 ejus
684 2935 765 2994 fecit.

270 3025 308 3084 In
321 3027 491 3085 convivium
502 3028 584 3085 venit
599 3029 693 3085 omnis
703 3029 798 3101 vicus,

269 3116 434 3195 (iunctique
448 3120 652 3179 collaudavere
667 3122 865 3181 Hiawatham.

269 3211 486 3271 Acrem'animi
501 3232 570 3272 sane
583 3214 779 3289 appellabant,

267 3302 501 3383 Aequabantque
513 3323 616 3383 mergo
625 3307 752 3385 glaciali.
