2259 3800
60 158 216 245 ἱτο

356 154 669 234 Νεάάίηψάαποοόῃ
690 156 843 219 Vanam.

256 333 333 391 Mox
346 351 386 392 ex
399 329 539 392 crumena
551 329 663 391 lutrint

254 427 398 485 Nooomis
412 433 532 484 strenua
544 426 665 484 tubulos

255 519 374 579 Tabaoo
387 519 521 595 opplevit
533 518 689 591 Austrino,

255 611 332 671 Cum
346 613 456 671 eortioe
469 630 572 672 rassae
586 611 684 670 saliois

253 705 406 780 Foliisque
420 703 621 782 fragrantibus
635 705 782 763 immistis.

254 797 333 856 Tum
345 798 384 856 ad
398 798 592 856 convivarum
606 796 875 874 splendidissimum

253 891 414 962 Conversa,
431 888 488 949 “O
502 888 636 948 Ventoso
650 888 721 969 (ait)
735 890 914 950 bellissimel

253 985 369 1044 Saltatu
383 1003 438 1043 nos
450 984 551 1059 aliquo
564 983 697 1056 solemni,

252 1078 430 1137 Faustamm
444 1079 476 1136 in
490 1078 617 1156 gratiam
630 1078 810 1153 nuptiarum,

251 1170 405 1244 Exhilara,
422 1189 539 1247 quaeso,
555 1171 581 1227 si
595 1166 695 1229 libet.”

290 1265 356 1337 Ille,
371 1265 572 1340 improborum
585 1263 774 1336 bellissimus,
853 1284 856 1289 ⁴

248 1357 494 1417 Adolescentium
509 1357 666 1415 stultorum
680 1357 903 1428 solertissimus,

248 1450 400 1510 Joeularis
413 1450 573 1509 hilaritatis
587 1467 697 1521 sourra,

249 1543 573 1620 Artifexqueeffrenae
585 1543 798 1618 protervitatis,

248 1637 350 1695 Ludos
363 1637 490 1696 callebat
502 1636 697 1708 umbratileia,

247 1718 393 1807 idemque
406 1736 438 1788 et
450 1730 568 1805 apricos
581 1736 613 1788 et
626 1729 770 1798 nivaleis;

249 1822 321 1882 Sive
334 1823 509 1881 latrunculis
523 1822 685 1881 ludendum
700 1822 777 1882 foret
791 1822 841 1882 vel
854 1822 946 1896 (liaeo,

249 1917 322 1978 Sive
337 1918 426 1977 soleis
440 1915 563 1976 nivariis
579 1918 754 1977 saltandum.

245 2010 278 2068 A
291 2009 483 2069 bellatoribus
497 2011 614 2087 probris
628 2011 747 2087 petitus,
837 2000 841 2004 ’

246 2107 293 2166 Ut
306 2103 442 2178 imbellis,
457 2108 566 2184 segnis,
581 2105 702 2179 aleator,

246 2200 440 2258 Feminarum
454 2203 485 2259 se
499 2199 598 2259 arrisu
613 2200 770 2272 solabatur,

247 2290 340 2365 Quae,
355 2292 492 2368 quamvis
506 2293 682 2368 improbum,
698 2292 863 2370 diligebant

248 2385 415 2446 Stultorum
430 2385 674 2444 formosissimum
688 2385 864 2459 Ventosum,

245 2477 340 2551 Quem
354 2478 463 2556 vulgus
477 2478 644 2554 appellabat
657 2477 879 2558 Proeellarium,

244 2571 674 2643 Dameamindutustunioam,
879 2562 880 2565 '

247 2662 368 2736 Albam
381 2664 509 2736 mollem,
522 2660 683 2722 mustelinia
695 2670 888 2740 praetextam,

247 2756 393 2817 Murioeis
406 2755 668 2834 interfulgentibus
681 2758 805 2835 gemmis
818 2777 827 2827 ς
879 2787 883 2795 ⁴

245 2849 390 2909 Tibialeis
404 2849 539 2909 oerrinas
553 2849 697 2926 gestabat,

244 2940 309 3000 Has
323 2942 441 3019 quique
454 2948 625 3018 praetextas
640 2943 742 3019 spoliis

243 3034 295 3093 Ex
305 3035 442 3095 erinaoeo
454 3032 580 3113 albique
593 3034 739 3106 mustelli3

243 3127 322 3187 Dein
335 3147 436 3188 aereas
444 3130 522 3188 *item
536 3131 679 3202 cervinae,
747 3167 752 3194 .

239 3219 363 3280 Crebris
377 3222 470 3298 spinis
483 3222 666 3299 gemmisque
680 3222 889 3284 interstinctus.
941 3257 945 3262 ·

241 3310 350 3374 Pluma
363 3310 477 3374 olonna
489 3315 628 3376 cristatus
641 3323 740 3394 eaput,
