2259 3800
349 255 482 298 curm
500 256 710 301 mmmm.

188 411 286 470 Tactu
299 411 416 471 telluris
429 430 632 487 concremans,

189 503 250 564 Sed
263 505 295 561 in
309 513 473 564 commeatu
486 492 581 566 aciem
593 508 749 586 effugiens.

228 597 290 657 Ter
303 598 359 656 sub
370 599 513 659 rutilante
527 603 647 677 vesperi

186 689 255 749 Illic
269 692 476 764 colluctantur,

186 784 269 842 Dum
281 792 370 843 ruant
383 784 496 843 circirm
509 787 649 845 tenebrae

187 878 291 953 Atque
303 879 392 937 ardea
404 879 587 954 palustribus
599 898 640 938 ex
653 881 776 941 latebris

188 972 236 1030 De
250 971 327 1030 fame
340 980 481 1047 queratur
495 973 645 1031 stridens:

188 1065 226 1124 Id
240 1065 409 1124 auscultans
423 1065 541 1124 Zeauus
554 1068 698 1127 substitit

186 1157 336 1218 Procerus
349 1161 475 1234 apparet
488 1157 694 1236 formosusque

185 1250 224 1309 In
237 1251 329 1309 viridi
339 1270 392 1308 suo
402 1269 437 1309 ac
451 1269 555 1310 croceo
568 1254 690 1324 vestitu,

189 1344 304 1405 Sudore
317 1364 357 1403 ex
371 1344 423 1402 ibo
435 1347 597 1404 certamine

187 1438 344 1514 Tanquam
355 1439 432 1496 roris
445 1439 540 1515 guttis
554 1438 701 1514 perfusus,

187 1531 269 1590 Dum
280 1532 388 1590 cristae
402 1532 461 1590 buc
472 1531 543 1589 illuc
556 1540 710 1607 quassatae

186 1624 346 1683 Anhelitni
360 1625 455 1700 ipsius
468 1626 646 1684 annuebant.

228 1718 307 1776 Tum
321 1716 421 1775 fatur:
443 1716 498 1777 “0
512 1717 692 1777 Hiawethai

187 1811 320 1870 Fortiter
333 1829 449 1869 mecum
463 1813 595 1884 certasti,

187 1905 315 1981 Triplici
328 1905 502 1963 colluctatus
516 1906 694 1970 discrimine.

188 1999 259 2057 Tibi
272 2015 345 2075 ergo
357 1999 541 2073 triumphum
554 1999 637 2056 dabit

187 2092 335 2150 Dominus
347 2091 446 2162 Vitae,
461 2092 513 2166 qui
527 2110 581 2150 nos
596 2094 757 2154 intuetur.'’

187 2183 285 2260 Super
297 2185 355 2257 his,
371 2187 389 2215 “
398 2182 500 2257 Cras,''
514 2185 613 2261 inquit
626 2189 769 2263 arridens,

189 2278 348 2338 “Ultimus
361 2278 420 2336 erit
433 2280 603 2337 certaminis
614 2281 679 2340 dies

188 2371 231 2429 Et
244 2371 367 2429 ultimus
380 2371 436 2428 tibi
446 2369 565 2445 jejunii.

187 2463 240 2522 Me
251 2470 406 2539 postquam
418 2470 453 2520 tu
467 2464 623 2537 deviceris,

188 2555 340 2614 Effossum
353 2556 451 2614 cubile
465 2564 577 2632 parato,

189 2649 254 2710 Ubi
267 2648 387 2724 pluviae
401 2648 528 2725 desuper
543 2652 693 2727 ingruant,

188 2741 252 2802 Ubi
265 2742 320 2799 sub
334 2741 404 2799 solis
419 2743 505 2801 vultu
515 2750 674 2819 tepescam.

187 2835 280 2893 Hunc
292 2841 326 2892 tu
339 2836 482 2893 vestitum
494 2837 779 2913 viridem‘croceum,

189 2926 304 2988 Cristae
317 2927 371 2985 has
381 2931 562 3001 trementem,
578 2930 742 3005 despoliato
757 2952 765 2990 z

187 3020 323 3079 Humum
336 3021 419 3093 mibi,
434 3021 551 3079 defosso
565 3024 677 3095 subter,-

192 3113 325 3185 Mollem,
340 3114 447 3186 laxam,
463 3113 560 3172 levem
574 3113 675 3175 facito.

188 3206 394 3266 Dormientem
406 3226 445 3266 ne
458 3208 562 3265 maniis
577 3208 717 3283 bominis,

190 3299 239 3358 Nc
253 3301 373 3373 vermis,
388 3319 464 3359 neve
478 3319 596 3371 corvus,
610 3321 657 3361 me
671 3312 774 3378 vexet,

189 3392 276 3452 Neve
290 3394 398 3452 noxiae
410 3393 519 3453 herbae
533 3396 729 3472 ebangulent.
