2259 3800
357 238 492 283 cmrmu
508 236 718 281 mnwnrnnn.
923 223 959 280 15

196 397 256 457 His
270 396 342 455 locis
353 396 506 457 etiamtum
520 394 733 468 immorantem,

198 489 373 565 Quanquam
385 488 481 546 omnis
494 486 584 562 hujus
597 488 725 563 populus
734 486 908 563 jamdudum

197 583 249 642 Ad
261 582 381 642 Aestivi
394 582 545 658 regionem
559 580 734 640 decesserat.

198 676 278 734 Tum
292 674 473 737 vociferatur
487 680 575 731 atrox
587 673 751 733 ArctIcua:

198 770 217 801 “
227 766 302 840 Quis
315 768 365 826 bic
378 785 425 826 me
439 767 652 825 contumaciter
666 765 807 842 spernit?

199 860 274 933 Quis
287 860 337 919 hic
351 860 440 918 audet
452 860 526 918 meis
540 860 643 936 regnis
657 859 816 930 immorari,

198 953 317 1012 Nireus
331 960 487 1029 postquam
500 971 587 1011 anser
601 952 718 1012 decedit

197 1047 301 1123 Atque
314 1047 404 1105 ardea
416 1046 492 1122 petit
505 1044 684 1105 meridiem?

200 1139 301 1216 Hujus
315 1157 371 1216 ego
386 1140 419 1197 in
433 1139 563 1199 casulam
577 1139 731 1217 ingressus

198 1233 399 1309 Exstinguam
412 1231 626 1290 immorientem
637 1232 764 1308 ignem.”

239 1325 347 1400 Itaque
360 1331 451 1383 noctu
465 1325 549 1383 venit
561 1324 712 1399 Arcticus,

200 1419 342 1477 Fremens
356 1419 419 1477 sine
433 1436 523 1490 more,
538 1418 577 1476 ad
591 1419 740 1488 casulam

200 1512 250 1585 Et,
266 1513 381 1570 nivium
396 1512 522 1569 cumulis
535 1512 649 1571 circirm
662 1512 805 1585 conflatis,

200 1605 261 1665 Per
275 1605 378 1663 tubum
391 1604 550 1663 fumarium
563 1604 695 1664 clamitat
708 1606 843 1682 desuper.

201 1698 278 1756 Mox
291 1698 429 1756 tibicines
443 1697 559 1756 casulae
573 1696 751 1758 finibundua
764 1705 894 1775 quassat,

200 1791 286 1851 Velis
300 1791 369 1849 ostii
383 1791 535 1868 plangens.

204 1883 264 1946 Sed
276 1885 349 1943 haec
363 1903 461 1959 neque
473 1884 625 1943 terrebant
640 1882 826 1963 Colymbum,

203 1976 310 2053 Neque
324 1978 444 2036 omnino
458 1977 503 2035 illi
517 1985 603 2036 crant
615 1995 712 2038 curae.

202 2071 324 2129 Etenim
337 2070 438 2146 ignem
451 2070 568 2128 alebant
583 2070 655 2129 satis

202 2163 345 2240 Ingentes
359 2163 474 2239 stipites
488 2169 615 2238 quatuor

203 2257 241 2315 In
256 2257 386 2334 singulos
399 2258 526 2315 menseis
540 2256 686 2330 hibernos,

203 2350 365 2425 Piscesque
379 2350 407 2409 ei
421 2350 519 2408 cibum
533 2349 725 2410 sufficiebant.

203 2443 252 2502 Ibi
264 2443 411 2502 assidebat
423 2443 540 2500 ardenti
554 2443 675 2515 camino,

205 2535 312 2597 Calore
325 2535 414 2608 fctus,
429 2554 561 2607 vescens,
577 2534 688 2608 hilaris,

105 2699 107 2702 Ι
205 2628 375 2704 Ridensque
389 2630 533 2701 cantabat,
549 2627 659 2686 “Heus
672 2627 813 2688 Arctice!

207 2720 256 2781 Tu
268 2740 384 2780 mecum
397 2721 508 2797 pariter
522 2739 554 2780 es
567 2728 665 2779 tamen
678 2721 836 2782 mortalis?

247 2815 322 2876 Mox
336 2815 400 2890 ipse
414 2814 544 2872 intrabat
553 2813 718 2873 Arcticusr

208 2908 303 2982 Quem
316 2909 373 2967 etsi
387 2899 546 2985 Colymbus
560 2909 692 2967 urinatcr

207 3001 324 3062 Adesse
338 3001 486 3061 intellexit
499 3001 618 3079 frigore,

210 3093 373 3156 Glacialem
387 3095 514 3153 sentiens
528 3094 651 3154 halitum
664 3117 674 3163 ς

209 3188 321 3249 Tamen
333 3206 428 3264 neque
441 3194 558 3247 cantare
571 3186 692 3260 destitit,

208 3283 315 3360 Neque
329 3283 380 3343 ille
393 3283 490 3342 ridere
503 3281 626 3342 scilicet.
720 3313 722 3317 ·

212 3375 349 3454 Stipitem
363 3377 505 3436 duntaxat
518 3375 643 3452 paulum
652 3376 790 3448 versavit,
