2259 3800
170 132 211 190 96
410 128 515 188 Dentlt
528 127 570 206 of
578 125 777 185 Mianeholso.

251 294 351 369 Quum
364 313 437 354 vooe
451 291 600 370 intrepidi
612 294 804 365 Minnehaha,

252 392 271 420 “
280 389 325 448 Te
338 390 478 447 maritum
491 388 626 463 sequar‚'’
641 387 728 447 dixit.

249 481 311 540 Ast
324 482 376 540 illa
389 500 470 540 nuno
483 482 514 538 in
527 481 648 558 tugurio

251 575 328 636 Cum
340 575 513 646 Nooomide‚
527 575 564 632 ab
578 573 745 649 hospitibus

250 669 463 728 Inamabilibus
478 669 537 725 illis
550 668 713 738 observata,

249 762 375 821 Jaoebat
388 768 493 831 amata,
503 759 568 835 jam
581 758 767 817 moribunda.
784 804 788 809 .

252 854 378 913 “Audio
392 852 517 931 (inquit)
532 853 772 928 obstrepitantois

249 948 446 1007 Minnehahae
460 947 650 1022 praeeipiteis
663 946 781 1022 aquas.”

251 1045 269 1074 “
278 1041 381 1113 Immo,
395 1041 503 1116 pusilla
515 1039 546 1097 !''
559 1041 717 1115 respondet
731 1037 891 1098 Nooomis:

251 1138 269 1167 “
278 1134 363 1193 Aura
375 1141 519 1192 nocturna
531 1133 618 1208 pinos
631 1132 753 1208 agitat.’'

251 1227 327 1286 “En
342 1228 349 1285 i
372 1225 497 1305 (inquit)
511 1233 629 1301 patrem
641 1226 753 1301 aspieio
849 1264 853 1275 ι

252 1319 344 1380 Suam
357 1321 394 1378 ad
403 1320 703 1396 januamsolitarium

250 1412 364 1474 Nostri
377 1415 407 1471 in
420 1415 542 1491 regione
555 1413 735 1470 Daootarum
748 1434 758 1481 3

250 1508 340 1568 Unde
353 1509 457 1566 annuit
470 1515 505 1565 ut
517 1507 556 1564 ad
570 1524 603 1563 ae
616 1505 761 1563 veniam.''

251 1604 270 1633 “
279 1601 383 1671 Immo,
398 1600 507 1677 pusilla
516 1599 523 1656 1
531 1600 547 1626 ’'
562 1598 721 1674 respondet
733 1598 854 1656 vetulas

251 1696 269 1726 “
277 1693 323 1752 At
336 1693 434 1751 fumus
448 1693 503 1750 tibi
516 1692 631 1749 undans
645 1691 778 1749 anuuit.'’

251 1787 366 1844 “Eheu
380 1786 411 1844 1⁹⁹
425 1785 518 1861 ejulat
533 1805 540 1842 ι
562 1784 700 1842 “Mortis
715 1802 771 1861 ego
785 1784 885 1843 ooulos

249 1880 334 1938 Inter
348 1879 483 1938 tenebras
497 1879 602 1955 igneos
616 1878 713 1936 video.

249 1974 369 2050 Digitos
383 1971 473 2048 hujus
488 1973 584 2029 sentio
598 1971 757 2048 glacialem,
856 2043 859 2054 .

250 2066 309 2139 Qui
321 2084 368 2123 me
382 2084 436 2141 per
451 2065 609 2140 caliginem
623 2071 774 2139 prensant.

248 2159 343 2233 Eheu,
359 2177 415 2217 vae
428 2159 492 2230 tibi,
507 2157 709 2216 Hiawathal'’

290 2252 392 2328 Atque
406 2252 464 2324 ille,
480 2251 616 2327 quamvis
629 2250 741 2326 procul,
757 2252 848 2310 sensit

251 2344 290 2406 Se
304 2365 322 2403 a
335 2342 519 2403 Minnehahi
531 2343 632 2402 vooari
646 2366 654 2412 ς

249 2439 398 2514 Reditque
411 2455 538 2514 propere
551 2443 676 2494 onustus
690 2436 789 2512 lignis,

249 2532 466 2590 Tantummodo
479 2537 513 2588 ut
526 2530 652 2605 aspiciat
665 2548 747 2587 suam
760 2534 887 2587 amatam

251 2624 358 2685 Coram
372 2642 404 2682 se
417 2621 528 2700 frigidis
541 2623 573 2679 in
585 2629 680 2680 morte
694 2621 855 2698 projectam

249 2717 356 2777 Aoreis
371 2719 450 2776 inter
463 2717 599 2793 planetus
613 2714 795 2774 Nooomidis.

248 2810 297 2869 Ne
310 2817 344 2868 tu
357 2828 404 2868 me
418 2811 569 2885 interroga
581 2815 707 2883 quantos
721 2808 858 2885 gemitus,

249 2901 400 2975 Quantum
413 2919 554 2979 angorem
567 2908 648 2958 astra
660 2900 830 2959 audiverint
844 2922 852 2968 ;

249 2993 331 3067 Quot
344 2995 407 3053 dies
421 2994 618 3053 consumserit
630 2994 739 3052 tacitus
751 2998 805 3051 aut
818 2991 933 3070 lugens.

246 3087 361 3146 Verium
374 3085 478 3145 intimi
492 3087 523 3144 in
537 3083 614 3144 silvi
627 3086 747 3144 nivibus
760 3087 879 3163 egestis,

247 3179 286 3238 In
299 3177 379 3238 fossi
393 3181 446 3237 sub
460 3180 567 3239 cicutis
580 3175 693 3250 oavatit,

252 3271 422 3349 Splendidis
435 3273 572 3331 amiotan
586 3271 821 3345 vestimentis,-
