2259 3800
291 205 294 211 .
319 161 451 216 11111111
471 166 682 213 1111111111.
883 147 923 210 75

199 335 216 364 “
225 330 317 402 Olim,
331 328 462 404 antiquis
477 327 508 385 111
522 327 636 397 diebus,
691 353 702 373 ο

158 424 291 498 Quorum
304 422 445 482 memoria
457 421 542 478 nobis
555 420 655 494 periit,

157 517 282 591 Quando
296 516 410 576 1111111
423 514 593 573 hominibus
604 512 727 589 propius

154 608 254 687 Dique
265 610 360 686 magis
372 613 458 667 erant
471 606 631 664 familiares
643 627 652 674 3

153 704 192 762 In
204 699 287 762 terris
299 702 460 778 Aquilonis
473 706 599 759 venator
612 699 746 777 degebat,

152 797 264 857 Decem
277 796 448 873 pulerarum
460 793 744 853 adolescentularum
758 795 860 868 pater,

152 891 357 962 Prooerarum,
367 896 403 946 ut
412 889 514 964 virgae
528 893 598 945 sunt
612 887 745 964 salignae
756 903 764 945 r
859 906 861 911 ’

152 984 269 1042 Harum
282 990 381 1042 autem
393 981 516 1039 minima
526 979 585 1038 fuit
599 979 744 1051 Owienia,

152 1077 310 1149 Indomita,
321 1093 472 1153 praeceps,
486 1075 643 1146 taciturna,
659 1072 797 1145 fanatica,
842 1078 845 1089 “

154 1169 295 1231 Omnium
305 1187 437 1228 sororum
451 1169 541 1244 longe
553 1167 739 1242 pulcerrima.

155 1264 280 1325 Ceterae
293 1261 421 1320 fortibus
434 1260 627 1320 bellatoribus

153 1357 293 1434 Nupsere
306 1355 461 1432 superbis:
483 1354 535 1413 sed
543 1354 596 1411 illa
609 1366 716 1428 procos

154 1448 301 1526 Reppulit
309 1446 436 1524 juvenes
449 1467 485 1507 ao
498 1446 642 1505 formosos
655 1466 664 1515 ς

152 1543 229 1602 Mox
240 1541 351 1602 Ossaeo
364 1541 496 1618 pauperi,
511 1539 644 1611 deformi,

152 1635 269 1694 Exaoto
282 1635 388 1694 aetatis
401 1635 482 1707 flore,
492 1633 592 1705 debili,

155 1728 252 1790 Seiuri
266 1726 359 1787 instar
369 1727 517 1799 tussienti,
531 1726 643 1803 nupsit.

191 1822 362 1881 “Attamen
377 1819 514 1891 Ossaeus,
528 1819 627 1877 animo
639 1819 753 1896 pulcer,

155 1915 329 1993 Vesper-tini
343 1914 402 1973 fuit
413 1913 525 1974 Sideris
535 1913 623 1985 filius,

154 2008 267 2070 Sideris
280 1998 445 2081 muliebris,
460 2007 565 2078 111111,
583 2006 727 2066 ardentis.

151 2101 189 2158 In
202 2102 258 2159 filii
269 2104 336 2161 sinu
345 2103 425 2179 ignis
439 2110 590 2177 paternus,

150 2193 186 2253 In
201 2196 299 2254 animo
312 2196 483 2273 pulcritudo
496 2203 620 2271 paterna
632 2196 691 2255 fnit
705 2217 714 2255 1

151 2286 296 2365 Splendor
309 2288 354 2347 illi
365 2289 507 2347 sermonis
522 2290 595 2349 item
608 2308 647 2349 ex
660 2288 773 2362 Sidere,

152 2380 301 2457 Vitaeque
313 2382 489 2459 mysterium
498 2400 632 2441 areanae.

149 2473 271 2533 Etenim
282 2473 412 2534 Ossaeus
423 2477 537 2551 amago
550 2483 682 2534 mutatus

148 2567 301 2626 Amiserat
313 2568 470 2644 pristinam
483 2568 706 2629 formositatem.

147 2658 248 2721 Muta
260 2659 311 2720 illa
321 2661 467 2720 derisione
477 2671 607 2720 vexatur

147 2752 180 2812 A
192 2753 323 2831 gloribus
336 2752 513 2830 illarumque
525 2756 649 2828 maritis,

148 2845 308 2919 Formosis,
320 2847 418 2922 pictis,
433 2849 621 2924 oristatisque
634 2870 643 2916 ς

147 2937 255 3015 Neque
268 2957 347 2998 uxor
360 2939 479 3015 quidem
493 2941 696 2999 amantissima

149 3030 253 3108 Ipsum
262 3040 384 3109 propter
391 3050 520 3090 amorem
534 3049 680 3107 aurasque

147 3122 326 3184 Eorumdem
340 3123 528 3184 contumeliis
541 3124 670 3186 carebat.

148 3216 291 3291 Tandem,
301 3219 420 3295 quando
433 3216 533 3276 cuncti
544 3216 577 3274 in
586 3217 718 3278 rasulam

147 3308 334 3389 congregati,
348 3312 420 3371 11111
431 3317 600 3386 tractarent,
