2259 3800
168 150 209 206 60
374 146 481 207 Barea
494 147 566 207 aiat
580 146 629 207 tle
643 148 814 224 Moyioioa.

250 321 356 400 Niger,
370 328 493 398 aspectu
506 321 679 395 horrendus,

251 416 347 475 Totus
360 416 473 474 murice
486 415 633 487 obtectus,

251 505 433 585 Margaritae
446 508 564 586 fulgens
580 504 685 584 penui,

250 601 294 661 Et
307 601 376 660 telis
389 602 554 661 instructus
568 601 684 661 bellicis
696 623 706 671 ς

251 693 358 753 Pictus
372 694 496 753 diluculi
511 695 614 767 instar,

252 788 399 865 Virgatus
413 793 503 859 ostro,
517 786 644 857 caerulo,
659 805 754 860 croco,

252 879 431 957 Aquilarum
444 881 584 939 cristatus
597 879 706 957 pinnis,

255 972 338 1046 Quae
353 991 470 1032 sursum
483 981 653 1032 extrorsum
667 974 845 1050 prominent·

295 1066 374 1126 Tum
386 1068 549 1124 maximum
563 1067 669 1144 incipit
682 1067 828 1144 proelium

255 1159 405 1233 Omnium,
420 1167 567 1238 quotquot
580 1160 634 1221 Sol
647 1162 768 1236 aspexit

253 1253 314 1314 Vel
327 1254 412 1313 alites
425 1254 526 1314 bellici
538 1255 655 1330 opperti
668 1260 747 1326 sunt,

255 1346 367 1405 Totum
381 1365 434 1423 per
446 1349 593 1407 aestivum
607 1347 695 1406 diem.

255 1439 392 1499 Loricam
405 1458 531 1516 namque
544 1441 625 1517 magi
638 1439 799 1498 muriceam

256 1532 322 1592 Nec
336 1533 397 1592 tels
409 1552 466 1592 nec
479 1539 596 1592 caestus
610 1550 665 1590 nec
679 1532 765 1591 clava

256 1626 553 1694 Valuituerberibus
567 1626 743 1684 convincere
755 1644 763 1683 ε

200 1742 228 1761 ³⁷
257 1720 568 1780 Donec-Hiawatham
582 1717 708 1777 fractum
721 1716 813 1775 animi

257 1814 350 1873 Picus
363 1831 403 1871 ex
416 1813 520 1871 arbore
533 1812 679 1883 monebat,

258 1907 307 1967 Ut
321 1925 441 1983 magum
455 1905 486 1964 in
500 1925 613 1964 summo
627 1906 725 1982 capite

259 2001 344 2063 Inter
357 2000 451 2057 oirros
465 1997 577 2076 sagittri
589 1998 707 2069 feriret3

259 2093 308 2152 Ibi
323 2100 438 2154 tantum
451 2097 552 2169 patere
565 2093 692 2152 vulneri.

260 2186 338 2246 Tres
352 2186 478 2263 sagittae
492 2186 670 2245 Hiawcthae
683 2186 833 2246 restabant
847 2205 855 2245 ε

260 2280 326 2340 Has
339 2280 457 2352 retinet,
472 2282 723 2356 opportunitatem
736 2285 923 2356 exspectaus.

262 2374 406 2445 Tandem,
420 2374 491 2436 dum
503 2373 599 2432 hostis
612 2392 644 2432 se
658 2373 799 2446 demittit,

263 2465 378 2528 Saxum
391 2485 510 2525 enorme
519 2465 667 2542 jacturos,

261 2560 423 2637 Ipsumque
436 2560 529 2618 nudet
543 2560 671 2634 occiput,

261 2652 435 2712 Percutitur
448 2672 467 2710 a
479 2652 594 2710 victore
608 2648 780 2711 Hiawuthi.

261 2746 391 2822 Jamque
404 2745 481 2806 nihil
494 2763 543 2804 ers
557 2745 674 2821 magica
686 2745 774 2817 valet,

262 2838 329 2898 Nec
342 2838 536 2916 margarinus
551 2837 689 2914 splendor
702 2855 815 2913 pennae
828 2857 837 2905 ς

265 2929 326 2992 Sed
340 2933 443 3009 igneos
457 2930 567 2990 Mortis
581 2931 681 2990 oculos

265 3023 326 3083 Per
339 3025 470 3083 tenebris
484 3025 603 3083 obviam
616 3023 779 3101 cognoscit,

263 3115 413 3193 ceditque
426 3135 527 3177 coram
540 3116 688 3188 inanimis,

265 3211 311 3271 Ut
324 3211 357 3268 in
370 3228 474 3287 campo
488 3211 656 3287 procumbit
668 3210 823 3273 bonasus..

306 3303 386 3363 Tum
398 3303 506 3364 Picum
518 3311 622 3380 grauis
636 3301 805 3374 Hiawathu,
