2259 3800
177 253 216 310 46

452 250 646 310 Hiawatha'a
659 249 752 311 Boat.

474 887 621 948 CAPUT
647 887 722 946 VH.

428 1085 629 1129 murrum
658 1084 775 1128 eruas.

299 1249 349 1330 (1)
389 1250 515 1310 Betulae
529 1250 609 1308 dixit
623 1249 792 1320 Hiawatha,

259 1350 277 1378 “
289 1344 411 1406 Gilvam
424 1345 462 1402 da
473 1344 549 1401 mihi
562 1343 704 1402 corticem
718 1350 762 1415 tu,

259 1437 342 1511 Quae
354 1455 471 1496 amnem
479 1435 572 1512 juxta
584 1436 720 1512 rapidum
742 1436 773 1493 in
787 1435 867 1493 velle

258 1531 389 1591 Excelsa
402 1538 433 1590 et
447 1548 572 1606 procera
586 1530 695 1589 crescis
710 1529 717 1587 ἔ

259 1623 403 1697 Cymbam
416 1624 485 1682 volo
499 1624 600 1682 levem
614 1629 783 1695 contexere,

258 1718 423 1794 Navigium
437 1735 526 1775 cursu
542 1718 650 1789 celere,

260 1811 347 1883 Quod
361 1829 475 1869 summo
489 1810 569 1868 amni
583 1811 699 1869 innatet

260 1905 353 1964 Velut
365 1904 533 1963 Auetumni
547 1904 661 1975 folium,

260 1997 354 2056 Velut
367 1998 482 2055 luteum
496 1997 627 2073 aquatile
640 1997 746 2055 lilium.

210 2145 213 2151 .
260 2088 368 2162 Quare,
384 2087 554 2147 OBetulal
577 2088 685 2165 pallam
699 2097 780 2147 tuam

259 2183 357 2242 Albae
371 2184 448 2241 cutis
462 2183 659 2255 involucrum,
674 2202 772 2252 exue3

258 2276 340 2336 Nam
352 2275 446 2347 adest,
462 2276 548 2335 cccel
571 2284 686 2344 aestas3

262 2369 314 2429 Sol
328 2370 361 2427 in
374 2368 457 2427 caelo
470 2369 601 2442 calescit,

258 2462 367 2539 Neque
378 2461 441 2538 jam
453 2469 628 2538 tegumenta
642 2469 688 2520 est
702 2463 805 2537 opus.''

299 2556 386 2615 Talia
399 2552 507 2632 magnai
519 2573 594 2614 voce
607 2554 769 2613 Hiawatha

261 2648 362 2710 Salem
377 2667 431 2724 per
446 2649 555 2706 saltum
569 2648 703 2705 insonuit

259 2743 375 2818 Rapide
389 2740 540 2800 delabenti
554 2740 806 2815 Taquamenavic,

258 2836 340 2894 Dum
352 2852 424 2894 aves
440 2851 568 2916 superne
580 2832 718 2891 hilariter

258 2928 365 2988 Mense
377 2917 509 2986 florifero
524 2925 736 2993 cantillabant3

258 3022 300 3081 Et
313 3022 463 3081 caelorum
475 3020 577 3077 lumen
589 3019 753 3076 maximum

260 3114 312 3176 Sol
325 3119 520 3190 experrectus
534 3130 648 3182 somno,

257 3207 412 3267 Exsiliens
426 3205 579 3277 clamabat,
596 3206 614 3235 “
625 3204 706 3260 Ecce
720 3220 766 3258 me
777 3201 808 3257 !’'

257 3300 303 3360 At
316 3300 404 3358 arbor
417 3300 450 3356 in
463 3294 536 3356 aurai
548 3292 699 3354 matutina

258 3393 392 3455 Cunctas
406 3409 459 3468 per
471 3408 570 3448 ramos
583 3389 697 3465 agitata
