2259 3800
193 252 232 309 32

441 249 517 311 Vise
529 259 559 309 to
573 250 623 310 tle
632 249 801 313 Darotalrr.

276 424 352 483 Risu
367 424 461 482 instar
475 425 621 485 undarum
634 442 751 485 canoro.

273 517 356 595 Ergo
370 536 410 577 ex
423 519 508 594 aquis
521 536 587 577 eam
600 519 813 589 nominaverat,

274 610 325 668 Ex
338 611 422 686 aquis
436 611 496 671 illis
509 611 732 688 praecipitibus,

274 704 496 776 Minnehiham,
511 723 624 782 aquam
637 704 792 765 ridentem.

314 797 397 855 Num
410 816 481 874 ergo
494 805 616 874 propter
629 815 784 859 mucrones
798 797 972 874 sagittarum

275 890 326 948 Ex
339 890 451 963 achate,
467 891 549 948 silice
564 909 616 949 seu
631 890 746 965 inspiro

273 983 361 1040 Tune
375 983 405 1039 in
419 984 571 1060 regionem
584 982 766 1041 Daeotarum

274 1075 435 1134 Hiawatha
448 1077 571 1135 deflexit
585 1077 642 1135 iter
656 1075 670 1134 2

274 1168 327 1227 An
341 1188 399 1226 non
412 1177 446 1227 ut
460 1169 589 1245 puellam
602 1168 727 1241 videret,

274 1261 399 1335 Quoties
413 1264 513 1331 vultus
527 1262 635 1338 Aquae
650 1262 787 1321 Ridentis

274 1356 351 1414 Velo
365 1357 481 1415 casulae
496 1357 631 1417 submoto
643 1353 837 1432 emergeret?

273 1448 377 1525 thue
390 1450 508 1509 audiret
520 1451 650 1509 vestium
664 1467 767 1507 sonum

271 1542 357 1601 Pone
369 1543 488 1601 fluitans
502 1543 603 1602 velum
614 1541 785 1611 labentium,

272 1635 318 1694 Ut
331 1637 408 1693 inter
421 1655 526 1708 ramos,
540 1653 618 1712 pone
631 1653 744 1706 nemus,
758 1652 851 1709 aquae

274 1717 411 1801 Elueent,
427 1731 585 1805 strepitant
598 1726 793 1788 desilientes?
832 1757 835 1763 ·

316 1819 391 1893 Quis
405 1822 492 1895 dieat,
502 1821 650 1898 juvenum
663 1823 695 1881 'm
708 1822 796 1881 eorde

275 1913 356 1987 Quot
370 1915 474 1993 igneae
487 1918 693 1976 meditationes
707 1913 850 1975 alantur?

275 2006 352 2080 Quis
365 2010 541 2084 pulcerrima
554 2016 655 2069 narret
668 2009 782 2068 somnia

276 2101 453 2160 Hiewathee
466 2109 537 2161 tune
551 2103 635 2161 cordi
648 2100 868 2164 redundantia?

277 2191 416 2254 Ceterum
429 2214 512 2259 suam
526 2196 564 2253 ad
577 2196 706 2254 casulam
719 2194 815 2254 redux

277 2286 355 2347 Cum
367 2306 499 2364 vespere,
514 2289 673 2350 Nooomidi
685 2289 779 2347 multa

277 2380 324 2439 Do
337 2389 421 2455 patre
434 2382 583 2459 Magioeio
596 2382 747 2441 enarravit

277 2474 383 2550 Deque
397 2475 477 2544 illius
491 2477 653 2551 praecipite
663 2471 736 2551 fingi
748 2497 757 2552 5

279 2566 339 2628 Sed
353 2568 427 2634 nihil
441 2570 478 2627 de
492 2570 610 2646 sagittis
623 2569 683 2628 illis
696 2568 783 2640 dixit,

279 2661 367 2719 Nihil
380 2662 416 2720 de
430 2658 520 2739 Aqui
534 2662 672 2730 Bidente.
