2259 3800
358 257 489 302 cunum
509 254 718 300 nmvvsrnun.
924 237 961 293 13

198 416 373 492 Quanquam
385 414 474 473 flores
488 414 517 472 ei
530 420 685 490 pratenses

198 508 347 569 Oderibus
360 507 516 583 replebant
529 511 599 565 ae'ra
611 528 620 574 ;

106 626 109 632 ·
198 600 375 676 Quanquam
388 617 508 660 nemora
520 605 610 674 atque
623 597 710 654 fluvii

198 694 341 753 Adventu
354 691 418 768 ejus
433 693 622 750 susurrabant
634 689 806 767 plaudentes
819 712 828 758 ;

199 787 312 846 Tamen
326 804 377 845 cer
390 786 418 845 ei
430 791 576 843 moestum
589 783 647 841 fuit
660 784 747 855 intus,

200 879 286 954 Quod
299 881 330 938 in
344 878 425 937 caelo
439 878 515 936 feret
528 877 683 936 solitarius.

241 972 301 1034 Sed
313 971 400 1030 mune
412 971 538 1046 quodem
552 972 589 1028 ad
601 978 708 1029 terrum
721 972 851 1041 obtuens,

199 1066 279 1124 Dum
292 1065 376 1123 vicus
390 1065 485 1123 adhuc
499 1065 669 1135 dormiebat,

200 1159 242 1218 Et
253 1158 360 1218 nebula
368 1156 487 1232 jacebat
500 1176 589 1233 super
602 1176 695 1229 amne,

201 1252 294 1312 Velut
306 1252 433 1309 heminis
448 1251 556 1309 mortui
570 1250 660 1321 larva,

204 1342 288 1418 Quae
302 1346 356 1402 sub
370 1350 467 1403 ortum
480 1344 555 1403 lucis
569 1343 716 1402 evanescit
726 1366 775 1412 3-—

202 1437 358 1515 Virginem
370 1437 488 1513 aspexit
502 1438 535 1494 in
547 1437 640 1511 pratis

205 1529 317 1592 Gressu
332 1530 464 1607 solivago
477 1529 669 1600 incedentem,

205 1623 423 1700 Quae-propter
433 1630 600 1699 pratensem
613 1641 728 1682 amnem

203 1721 300 1779 Iridas
313 1719 471 1797 colligebat
479 1718 655 1794 juncusque.

204 1812 296 1872 Mene
309 1812 440 1887 quetidie
454 1812 487 1869 in
500 1819 608 1870 terram
622 1813 796 1888 despicienti

205 1907 310 1983 Usque
324 1907 419 1982 prima
431 1924 478 1965 res
493 1906 554 1964 illic
568 1913 703 1965 occursat

205 1998 307 2075 Hujus
321 2000 472 2058 caeruleus
486 1998 637 2057 oculorum
651 2000 809 2072 contuitus,

206 2092 331 2169 Duplex
344 2093 422 2150 inter
431 2091 555 2168 junceta
568 2092 649 2150 lacus
663 2092 825 2152 caeruleus.

206 2185 288 2263 Ergo
303 2185 464 2261 solivagam
476 2185 592 2243 amabat
605 2185 760 2263 virginem,

207 2277 291 2352 Quae
304 2277 510 2337 advenientem
524 2278 568 2336 sie
581 2279 775 2354 opperiretur.

207 2370 329 2431 Etenim
344 2370 492 2428 soliterius
505 2377 570 2429 erat
583 2379 717 2448 uterque,

209 2464 294 2523 Haec
309 2463 340 2520 in
354 2460 443 2535 temd,
458 2463 508 2522 ille
522 2464 553 2520 in
567 2463 657 2522 caelo.

247 2555 378 2631 Jamque
391 2556 567 2632 precabatur
580 2556 798 2629 blandimentis,

207 2649 283 2710 Leui
296 2649 358 2706 risu
372 2650 473 2725 aprico
487 2657 517 2709 et
530 2650 651 2725 alloquii
664 2649 818 2709 illecebris.

212 2742 354 2818 Suspiriis
367 2743 567 2818 permulcebat
580 2749 611 2801 et
624 2749 720 2816 cantu,

208 2835 390 2894 Dulcissimo
404 2836 481 2895 inter
494 2854 591 2894 ramos
605 2854 733 2908 susurre,

209 2928 351 2988 Numeris
364 2927 551 3001 mollissimis,
566 2929 704 2987 odoribus
717 2929 899 2990 suavissimis
912 2955 921 3002 ς

210 3022 291 3081 Dum
305 3022 337 3078 in
350 3039 436 3079 suum
449 3023 595 3099 gremium
609 3028 763 3080 attractam

210 3111 345 3175 Puniceb
358 3111 412 3174 sud
425 3112 503 3190 palli
517 3115 688 3173 obvolveret
701 3137 710 3183 ;

212 3207 318 3283 Usque
332 3207 403 3265 dum
417 3208 448 3265 in
463 3207 577 3266 stellam
590 3213 718 3266 mutaret

212 3301 250 3359 Iu
263 3300 377 3377 gremio
391 3317 444 3359 sue
458 3300 616 3359 etiamnum
630 3301 855 3361 tremiscentem.

212 3394 295 3470 Ergo
309 3393 521 3469 sempiternum
533 3395 566 3452 in
580 3393 668 3453 caelis
