2259 3800
335 253 466 298 ciana
485 253 697 298 nmwnrana.
904 239 944 299 47

174 401 253 462 Cum
267 399 395 476 suspirio
410 399 490 458 dixit
502 400 628 474 patiens,

175 493 287 571 “Ergo
300 494 402 569 capias
416 500 451 550 tu
464 492 574 568 pallam
587 495 710 555 meam.’'

214 588 294 646 Tum
307 586 405 646 cultro
418 586 586 662 amputavit
599 587 741 646 corticem

172 679 288 739 Infimis
303 679 358 739 sub
372 680 462 738 ramis
477 698 576 755 supra,

176 773 306 833 Summis
321 791 411 848 super
424 772 576 831 radicibus
590 771 677 845 infra,

173 867 278 926 Donec
291 866 452 925 exsudaret
467 885 582 925 succus.

173 960 250 1019 Mox
264 967 404 1019 truncum
418 959 546 1034 desuper
559 960 598 1018 ad
612 960 704 1018 imum

176 1052 330 1127 Diseecnit
344 1053 433 1129 plane
447 1053 596 1125 corticem,

175 1145 280 1220 Quam,
294 1145 395 1223 ligneo
410 1145 593 1204 sublevatam
607 1163 708 1217 cuneo,

177 1239 332 1317 Integram
345 1245 452 1297 trunco
466 1239 609 1297 detraxit.

217 1329 266 1410 (2)
309 1335 328 1363 “
337 1332 508 1404 Remorum,
524 1330 638 1390 Cedro!
660 1338 778 1391 tuorum
791 1334 904 1408 aliquot
978 1335 986 1351 “

175 1423 350 1484 Validorum
363 1426 401 1483 da
413 1425 496 1496 mihi,
510 1443 545 1482 ac
558 1423 713 1497 flexilium,

176 1516 236 1590 Qui
249 1518 385 1595 cymbam
399 1518 473 1576 mihi
488 1517 706 1590 constabiliant,

175 1610 360 1687 Addantque
374 1611 453 1669 infra
465 1611 664 1669 firmitatem.”

217 1702 349 1764 Gedrum
362 1704 546 1780 pertentavit
561 1722 705 1762 summam

176 1797 293 1855 Horror
306 1805 396 1872 atque
410 1795 524 1871 ejulans
537 1797 667 1872 querela,

178 1888 271 1963 Quasi
285 1889 501 1949 contumaciam
514 1891 694 1950 mussitans:

177 1982 290 2042 Tamen
305 1983 421 2041 deflexa
434 1983 609 2055 susurravit,

178 2078 197 2107 “
206 2076 315 2135 Ramoe
329 2094 419 2148 meos,
434 2077 460 2133 si
474 2075 530 2149 vis,
548 2077 676 2152 capias.”

216 2168 287 2228 dam
301 2170 439 2228 cedrinos
453 2187 550 2227 ramos
566 2170 694 2228 succidit

178 2261 282 2337 Atque
297 2262 329 2320 in
345 2262 551 2339 compaginem
564 2261 728 2322 fabricatur

178 2355 280 2413 Instar
293 2355 410 2430 parium
424 2355 655 2432 compositorum
668 2374 800 2415 arcuum.

220 2445 268 2526 (3)
310 2448 338 2506 Ε
352 2449 497 2506 contortis
511 2448 573 2505 tuis
587 2448 747 2519 radicibus,

180 2540 208 2601 Ο
221 2539 335 2599 Larix!
358 2541 396 2598 da
408 2540 484 2598 mihi
498 2529 621 2615 aliquot,

181 2632 264 2706 Quae
278 2633 400 2711 cymbae
414 2633 489 2692 bene
503 2634 647 2710 colligent

181 2726 267 2799 Oras,
282 2745 320 2785 ne
334 2726 498 2799 madefiam,

180 2820 371 2896 hrumpente
385 2816 466 2878 unde
479 2820 576 2879 fluvii.

218 2913 298 2971 Tum
313 2919 435 2970 cunctae
449 2931 503 2989 per
516 2913 616 2970 fibrae
630 2912 708 2970 larix

178 3002 267 3064 Auri
280 3002 427 3064 matutini
441 3005 657 3076 inhorrescens,

180 3097 277 3157 Cirris
291 3098 354 3155 suis
369 3097 468 3156 fronte
481 3097 547 3173 ejus
561 3093 642 3156 tacti

178 3190 318 3268 Longum
332 3190 495 3266 suspiravit
508 3207 661 3248 moerens:

180 3284 294 3361 “Ergo
307 3291 439 3356 cunctas,
456 3282 625 3355 Hiawatha,
640 3282 769 3360 capias.'’

221 3377 279 3437 Ille
292 3378 422 3437 tenaceie
435 3376 537 3435 laricis
551 3375 650 3436 fibras
