2259 3800
301 157 303 163 .
338 114 469 163 usmis
488 115 697 161 mensurnas.
735 166 737 171 ,

218 272 303 352 Ergo
316 272 445 339 decessit
458 272 623 333 Hiawetha

81 352 83 363 ⁴
176 365 215 425 In
228 366 381 444 regionem
393 367 584 439 Boeotorum,

177 459 356 518 Pulcrarum
369 458 547 519 feminarum
560 466 690 529 terram

83 570 86 601 ,ι
177 551 239 612 Per
251 561 370 613 rosceto
382 554 503 612 collium
516 571 630 629 perque
642 560 735 631 prbi&

82 678 84 687 ι
178 644 240 705 Per
253 646 344 706 silvas
358 647 574 719 interminatus,

177 738 239 798 Per
252 739 371 798 silentio
383 738 568 798 desertorum
581 739 731 813 incedens,

178 831 284 910 Longo
296 832 397 891 labore
411 830 586 905 indefessus,

180 922 278 985 Corde
290 929 412 1003 gressis
425 931 643 1002 praevertente.

179 1018 314 1078 Tandem
323 1038 466 1095 aquarum
479 1019 686 1096 praecipitium

178 1112 211 1171 Α
224 1112 400 1172 decurrente
414 1110 600 1171 Minnehahi

180 1205 289 1265 Dulcia
300 1207 433 1265 tonitrua
445 1223 500 1282 per
514 1205 668 1265 silentium
681 1206 821 1267 vocantia

178 1297 290 1357 Pectus
303 1299 570 1376 appropinquantis
583 1297 745 1358 deleniunt.

178 1391 237 1451 Ille
250 1391 283 1450 in
296 1391 429 1469 margine
443 1392 536 1451 silvae

179 1484 264 1545 Inter
278 1485 397 1544 umbras
409 1504 539 1545 ramosas
552 1503 588 1544 oc
596 1483 686 1560 juber

181 1577 299 1657 Greges
313 1579 466 1637 damarum
479 1578 646 1656 pascenteis

180 1669 252 1732 Non
265 1678 441 1748 conspectus
455 1672 612 1749 conspicit.

180 1764 260 1824 'Iuni
272 1784 375 1826 arcum
387 1766 524 1824 hortatus
537 1783 573 1825 ac
587 1765 735 1843 sagittam,

182 1856 257 1919 “Nc
269 1875 317 1918 me
330 1857 476 1920 destitue!
504 1877 542 1919 ne
556 1864 587 1919 te
601 1859 725 1922 deflecte
735 1859 765 1919 Γ*
859 1932 861 1935 y

179 1952 283 2012 Rubra
295 1971 350 2030 per
363 1953 466 2012 damae
479 1953 655 2029 praecordia

92 2049 95 2106 ἶ
180 2044 288 2105 Telum
301 2045 430 2104 tramisit
442 2052 582 2123 argutum
594 2069 603 2116 3
730 2069 733 2074 ·

93 2139 96 2146 '
180 2139 222 2197 Et
235 2139 358 2198 humero
371 2138 496 2215 praedae
510 2137 644 2214 subjecto

182 2232 319 2290 Festinat
332 2231 388 2291 iter
402 2232 592 2290 destinatum.

220 2324 259 2383 In
273 2325 387 2402 tugurii
400 2326 477 2383 ostio
489 2325 613 2384 sedebat

180 2417 278 2477 Vetus
292 2418 343 2477 ille
357 2418 534 2495 sagittarum
547 2417 630 2478 faber

181 2511 220 2569 In
232 2508 314 2571 terri
326 2511 508 2570 Dacotarum
520 2528 677 2572 mucrones

181 2604 233 2663 Ex
246 2605 362 2681 iaspare
376 2612 407 2664 et
419 2606 523 2664 achate
537 2606 719 2668 concinnans
730 2633 741 2682 ;

181 2697 260 2755 Filia
273 2704 372 2757 autem
385 2698 506 2757 sedebat
514 2696 608 2773 juxti

181 2789 528 2863 Pulcra-Minnehaha
541 2792 686 2866 amabilis,

184 2882 372 2959 componens
386 2884 515 2960 scirpeus
529 2890 709 2962 storeasque.

101 3053 102 3056 Ἴ
183 2975 240 3035 me
254 2976 291 3035 de
305 2977 474 3052 praeteritis
487 2976 585 3048 rebus,

184 3068 269 3130 Hoec
284 3070 321 3129 de
335 3068 447 3128 futuris
460 3068 621 3145 cogitabat.

182 3161 241 3222 ille
254 3162 292 3222 de
304 3164 411 3239 priscis
425 3163 625 3236 venatoribus,

184 3255 301 3329 Quibus
314 3274 402 3318 nemo
410 3256 474 3333 jam
488 3256 606 3319 viveret
619 3278 757 3336 compar;

905 103 944 158 63
