2259 3800
343 257 473 301 cauum<
493 255 702 299 mawarm.

185 417 265 477 Tum
278 414 434 474 indumen
448 414 607 473 decurrens
620 412 806 490 praecipitati

182 509 355 568 Abluebant
367 508 518 584 pigmenta
529 506 646 566 bellica.

188 600 326 678 Superna
339 601 419 659 clara
430 600 541 659 fluebat
554 618 639 674 aqna,

184 696 231 757 Ut
243 694 368 771 limpida
380 695 541 753 emicuerat
555 693 609 750 sub
623 692 748 769 pedibus

187 789 310 848 Domini
323 788 403 858 vitae
417 786 629 863 degredientis.

183 881 230 940 At
243 879 366 940 inferior
378 880 566 957 nigrescebat
580 879 668 951 unda,

182 973 323 1033 Puniceis
336 973 459 1031 maculis
474 971 609 1044 discolor,

185 1065 278 1141 Quasi
291 1065 388 1124 mixto
401 1082 504 1124 cruore
519 1065 668 1123 distincta

225 1159 276 1218 Ex
289 1177 375 1218 amne
389 1158 502 1235 egressi
515 1158 680 1230 bellatores,

184 1251 309 1312 Bellicis
322 1252 484 1329 pigmentis
498 1251 602 1322 abluti,

186 1344 294 1406 Clavus
307 1345 427 1404 bellicas
442 1344 645 1420 sepeliverunt

187 1437 265 1499 Cum
278 1439 386 1498 ceteris
399 1438 468 1496 telis
483 1437 537 1495 sub
551 1437 643 1512 ripas.

186 1530 266 1589 Tum
278 1531 412 1592 Daemon
427 1548 582 1606 supremus
595 1529 723 1608 benigne

35 1658 45 1671 ·
113 1681 116 1685 ,
185 1624 301 1683 Arrisit
312 1623 382 1683 filiis
396 1622 617 1700 impotentibus.

225 1716 329 1793 Atque
341 1716 387 1774 illi
400 1716 541 1791 obsequio
554 1716 648 1774 tacito

186 1810 315 1868 Erutum
328 1827 368 1868 ex
381 1804 542 1884 lapicidinis
555 1826 661 1867 saxum

187 1900 225 1962 In
239 1904 321 1962 leves
334 1902 417 1979 pacis
431 1902 550 1960 tubulos
564 1902 791 1979 confingebant;

187 1996 229 2055 Et
242 2013 379 2072 proceras
391 1995 477 2053 fluvii
490 1994 649 2053 arundines

187 2087 367 2149 clarissimis
381 2088 557 2147 decorabant
570 2088 676 2163 pennis

186 2180 317 2256 Jamjam
329 2199 412 2240 suam
425 2181 457 2238 in
471 2182 590 2240 domum
602 2179 777 2258 profecturt

186 2273 232 2332 At
244 2274 390 2333 Dominus
404 2274 492 2347 vitae,
508 2274 673 2334 ascendens

186 2366 247 2426 Per
258 2367 328 2425 fissa
340 2366 505 2425 nimborum
518 2367 622 2426 aulaea

187 2459 226 2518 In
239 2466 356 2537 apertas
370 2460 444 2519 caeli
453 2458 572 2534 januas,

188 2552 306 2611 Horum
318 2553 355 2611 ab
369 2553 463 2611 oculis
477 2553 609 2624 evanuit,

189 2644 284 2707 Fumo
297 2646 449 2708 involutus
462 2644 594 2724 pacifico.

925 238 944 294 9
