2259 3800
355 145 487 190 offla
507 140 716 194 mawarnau,

194 304 321 362 Illorum
336 322 472 362 somnum
485 303 590 361 stellae

193 397 349 455 Insomnes
362 405 453 457 noetu
467 396 668 455 intuebantur.

194 494 245 552 Ex
258 495 379 570 quernis
394 494 511 552 insidiis
526 493 643 552 soiurus

192 573 275 648 [laer
289 589 432 647 amanteis
445 588 587 663 aspexit:

195 682 321 742 Necnon
336 681 501 751 cuniculus,
517 680 554 738 de
568 676 676 739 semitd

196 774 295 836 Cursu
309 775 401 833 eitato
414 774 542 851 elapsus,

194 869 324 928 Natibus
338 869 480 939 insident,
494 868 638 926 amanteis

198 961 259 1022 Suo
273 981 312 1021 ex
326 969 414 1020 antro
426 963 575 1020 observat.

236 1056 412 1114 Viatoribus
427 1054 526 1112 duloia
539 1074 610 1114 aves
624 1054 757 1113 carmina

195 1148 242 1208 De
255 1145 334 1207 laeti
348 1148 564 1223 tranquillitate
578 1148 732 1206 canebant.

196 1245 216 1274 “
225 1243 325 1301 Macte
339 1250 391 1299 tua
403 1241 555 1312 felicitate,
571 1237 748 1297 Hiawatha!
760 1238 777 1264 ’⁹

196 1335 300 1411 Inquit
312 1336 462 1412 oyaneola,
478 1334 583 1410 “quod
597 1334 685 1392 talem
698 1333 789 1390 habes

197 1429 242 1488 Te
255 1436 418 1486 amatunam
432 1427 619 1505 conjugem.''

197 1525 216 1553 “
230 1522 330 1580 Maete
345 1518 399 1580 tud
412 1521 529 1596 qudque
543 1519 714 1591 felicitate,''

197 1614 351 1673 Rubeoula
363 1620 506 1685 recantat,
522 1616 540 1645 “
555 1612 583 1673 Ο
598 1609 801 1670 Minnehaha!

197 1707 285 1781 Quod
298 1710 437 1766 maritum
450 1708 541 1766 habes
555 1707 738 1784 egregium.''

238 1802 286 1859 De
300 1802 390 1860 caelis
406 1800 458 1861 Sol
471 1798 602 1877 benigno

197 1895 282 1954 Inter
295 1914 392 1955 ramos
406 1895 493 1954 vultu
506 1894 660 1972 effulgens,

200 1993 218 2021 ‘⁴
232 1988 260 2049 Ο
274 1990 332 2048 mei
347 1986 474 2066 (inquit)
488 1987 596 2046 liberii

197 2083 293 2141 Amor
307 2089 354 2141 est
366 2100 422 2157 pro
430 2081 546 2157 jubare,
561 2081 630 2139 odia
642 2099 697 2157 pro
710 2079 833 2138 umbris.

198 2177 328 2237 Umbras
342 2194 410 2234 oum
419 2175 526 2251 jubare
539 2177 645 2234 miscet
657 2182 748 2233 aetas.

197 2269 311 2327 Amore
327 2277 358 2327 tu
373 2269 478 2345 rogito,
494 2268 656 2327 Hiawatha
668 2267 675 2325 l
685 2269 702 2295 ’'

238 2362 326 2420 Luna
338 2362 457 2437 qudque
471 2363 552 2420 eaelo
567 2362 733 2437 despiciens

199 2457 329 2533 Mystico
343 2455 466 2513 fatidica
480 2456 637 2531 splendore

197 2550 365 2608 Frondeam
378 2555 512 2624 permeat
524 2545 688 2625 pergulam,

200 2643 401 2717 Susurratque
414 2662 421 2701 :
443 2645 462 2673 “
477 2641 505 2702 Ο
518 2642 605 2700 liberi
618 2642 678 2700 mei
690 2641 697 2699 !

197 2738 271 2795 Dies
285 2743 332 2795 est
345 2735 480 2812 impiger,
496 2754 556 2793 nox
571 2736 670 2810 quieta
683 2757 691 2803 3

196 2831 256 2888 Vir
270 2830 454 2904 imperiosus,
469 2828 579 2887 femina
592 2828 748 2887 imbecilla.

196 2923 265 2999 Ego
279 2923 378 2994 solem,
395 2922 439 2980 sol
452 2941 499 2981 me
513 2922 655 2996 sequitur,

198 3016 278 3074 Mihi
292 3016 447 3074 dimidium
460 3014 577 3089 imperii
591 3013 763 3071 concedens.

198 3110 246 3168 Tu
260 3107 405 3186 patientiis
417 3109 522 3185 regite,
538 3107 723 3165 Minnehaha
736 3106 770 3166 !''

240 3202 291 3264 Sic
306 3204 424 3262 domum
437 3207 587 3259 remeant:
608 3201 727 3259 tandem
740 3201 901 3260 Hiawatha

198 3295 251 3355 Ad
264 3296 383 3355 vetulae
396 3294 571 3356 Noeomidis
584 3295 738 3373 tugurium

515 3406 534 3446 r
555 3390 575 3447 2

923 128 964 186 67
