2259 3800
540 266 759 328 Introduction.

307 439 346 498 In
359 440 553 500 contabulatu
566 442 635 500 fibri
649 441 766 514 casulis,

307 531 346 590 In
360 534 497 611 vestigiis
510 534 689 610 ungularum
702 534 830 607 bonsssi,

307 624 346 683 In
359 626 471 685 laribus
484 627 650 702 aquilarum
663 627 832 702 praecelsis.

308 717 394 778 Haec
408 720 453 777 illi
467 720 601 779 cecinere
615 719 695 778 ferse
709 721 844 779 volucres

307 810 367 869 Per
379 818 518 870 montena
530 810 710 871 incultorum
723 818 849 884 ruscete,

307 903 368 963 Per
381 906 525 962 maximos
538 906 712 980 tristeisque
727 906 859 980 paludes.

309 995 395 1054 Telis
409 997 517 1056 cecinit
530 997 690 1073 pluvianus
704 1004 735 1055 ct
748 1016 867 1075 mergus
879 998 1021 1074 glacialis,

309 1088 413 1148 Ardea
426 1089 562 1149 caerulea
575 1108 609 1148 ac
623 1096 728 1149 tetrae.
1114 1092 1117 1107 '

349 1182 475 1241 Ultre'
452 1202 477 1240 sr
491 1184 611 1259 rogites,
626 1183 693 1258 quis
707 1182 797 1242 fuerit
809 1183 991 1256 Nawediha,

310 1273 377 1332 Tali
390 1294 532 1352 responso
545 1276 703 1362 explicem.

300 1362 348 1441 'iis
354 1360 438 1429 :tells
452 1369 592 1451 viiidijet
595 1348 712 1454 silonte

308 1442 437 1536 Propter
449 1432 563 1520 rivuloi
576 1442 714 1521 anicios
729 1462 943 1522 Tewasenthce

257 1552 292 1639 ⁰⁴:⁹0
309 1546 475 1642 qulfflissf
480 1548 569 1626 unies
582 1526 778 1643 Nusipdallm

249 1644 258 1655 ⁹
290 1624 489 1722 'Vicimque
490 1626 716 1706 Indideriuim
682 1648 874 1706 crrcumcirce

309 1738 490 1798 Ambiebcnt
504 1746 591 1815 prata
604 1758 639 1798 ac
653 1747 778 1816 segetes.

309 1830 399 1889 Ultra
412 1838 512 1890 sutem
526 1832 604 1889 silvo
616 1832 752 1890 constitit

310 1924 358 1982 Ac
372 1944 492 1983 nemora
505 1926 642 2001 pinorum
656 1926 811 1998 vocalium,

309 2017 434 2076 Aestate
449 2019 597 2090 viridium,
612 2019 744 2076 albarum
755 2018 862 2091 hieme,

312 2110 434 2186 Semper
448 2112 668 2187 suspirantium,
684 2131 799 2189 semper
812 2113 992 2172 ntuentium.

310 2202 355 2263 At
367 2222 502 2262 amoenos
516 2204 583 2261 illos
596 2205 708 2263 rivulos

310 2295 418 2354 Posses
432 2297 607 2372 pervellem
620 2298 762 2375 indagare
828 2335 831 2340 <

310 2388 413 2447 Verno
426 2408 569 2464 equarum
582 2390 705 2466 impetu,

310 2480 437 2539 Aestivo
450 2481 585 2540 elnorum
598 2490 697 2555 auctu,

309 2570 392 2632 Albi
404 2574 569 2633 Auctumni
582 2573 699 2649 nebuld

310 2665 554 2742 NigroHiemeli
567 2668 662 2727 alveo.

310 2758 439 2835 Propter
453 2778 527 2835 quos
540 2760 692 2817 habitabat
706 2760 756 2819 ille
770 2768 853 2819 vetes

311 2849 383 2927 Ipsi
396 2853 429 2909 in
443 2853 519 2910 valle
535 2852 758 2924 Tawesenthae,

311 2942 411 3003 Viridi
425 2944 502 3003 velle
516 2963 550 3003 ac
565 2945 675 3003 silenti.

313 3036 381 3096 Illic
396 3038 432 3095 de
447 3034 610 3095 Hiawiethi
624 3037 769 3110 cantabat,

313 3128 528 3205 Recitabatque
542 3149 663 3189 carmen
677 3130 864 3204 Hiuwithee,

312 3220 386 3280 Miri
400 3223 527 3282 hominis
540 3223 717 3282 mirabiliter
730 3225 808 3293 nati3

313 3314 360 3375 Ut
373 3318 503 3376 oraverit
516 3335 551 3376 sc
565 3316 672 3376 famem
687 3316 866 3391 toleraverit,

314 3407 359 3468 Ut
373 3409 495 3482 vixerit,
510 3410 707 3484 desudaverit,
722 3411 935 3487 perduraverit,
