<?xml version="1.0" encoding="UTF-8"?>
<!DOCTYPE html PUBLIC "-//W3C//DTD XHTML 1.0 Transitional//EN"
    "http://www.w3.org/TR/xhtml1/DTD/xhtml1-transitional.dtd">
<html xmlns="http://www.w3.org/1999/xhtml" xml:lang="en" lang="en">
 <head>
  <title>
</title>
<meta http-equiv="Content-Type" content="text/html;charset=utf-8" />
  <meta name='ocr-system' content='tesseract 3.04.00' />
  <meta name='ocr-capabilities' content='ocr_page ocr_carea ocr_par ocr_line ocrx_word'/>
</head>
<body>
  <div class='ocr_page' id='page_1' title='image "./hiawatharendere00newmgoog_0090.png"; bbox 0 0 2259 3800; ppageno 0'>
   <div class='ocr_carea' id='block_1_1' title="bbox 187 86 780 167">
    <p class='ocr_par' dir='ltr' id='par_1_1' title="bbox 187 86 780 167">
     <span class='ocr_line' id='line_1_1' title="bbox 187 86 780 167; baseline 0.005 -21"><span class='ocrx_word' id='word_1_1' title='bbox 187 89 227 146; x_wconf 86' lang='lat' dir='ltr'>so</span> <span class='ocrx_word' id='word_1_2' title='bbox 440 86 544 147; x_wconf 72' lang='lat' dir='ltr'>nean</span> <span class='ocrx_word' id='word_1_3' title='bbox 558 87 780 167; x_wconf 48' lang='lat' dir='ltr'>noseorum.</span> 
     </span>
    </p>
   </div>
   <div class='ocr_carea' id='block_1_2' title="bbox 428 643 843 900">
    <p class='ocr_par' dir='ltr' id='par_1_2' title="bbox 428 643 843 900">
     <span class='ocr_line' id='line_1_2' title="bbox 486 643 843 707; baseline -0.011 -1"><span class='ocrx_word' id='word_1_4' title='bbox 486 644 633 707; x_wconf 79' lang='lat' dir='ltr'><strong>cAPUT</strong></span> <span class='ocrx_word' id='word_1_5' title='bbox 659 643 736 704; x_wconf 89' lang='lat' dir='ltr'>XII.</span> <span class='ocrx_word' id='word_1_6' title='bbox 841 669 843 673; x_wconf 40' lang='lat'><strong>¹</strong></span> 
     </span>
     <span class='ocr_line' id='line_1_3' title="bbox 428 855 793 900; baseline -0.005 -2"><span class='ocrx_word' id='word_1_7' title='bbox 428 856 539 900; x_wconf 78' lang='lat' dir='ltr'>noas</span> <span class='ocrx_word' id='word_1_8' title='bbox 570 855 793 900; x_wconf 78' lang='lat' dir='ltr'>onraraar.</span> 
     </span>
    </p>
   </div>
   <div class='ocr_carea' id='block_1_3' title="bbox 133 1016 911 3236">
    <p class='ocr_par' dir='ltr' id='par_1_3' title="bbox 149 1016 889 1095">
     <span class='ocr_line' id='line_1_4' title="bbox 149 1016 889 1095; baseline -0.005 0"><span class='ocrx_word' id='word_1_9' title='bbox 149 1090 152 1095; x_wconf 86' lang='lat'>.</span> <span class='ocrx_word' id='word_1_10' title='bbox 268 1032 319 1092; x_wconf 85' lang='lat' dir='ltr'>Ar</span> <span class='ocrx_word' id='word_1_11' title='bbox 332 1032 497 1091; x_wconf 80' lang='lat' dir='ltr'><strong>Daemones</strong></span> <span class='ocrx_word' id='word_1_12' title='bbox 509 1032 655 1091; x_wconf 74' lang='lat' dir='ltr'>malorum</span> <span class='ocrx_word' id='word_1_13' title='bbox 669 1033 797 1091; x_wconf 82' lang='lat' dir='ltr'>artifices</span> <span class='ocrx_word' id='word_1_14' title='bbox 887 1016 889 1023; x_wconf 52' lang='grc'>’</span> 
     </span>
    </p>

    <p class='ocr_par' dir='ltr' id='par_1_4' title="bbox 133 1119 896 2136">
     <span class='ocr_line' id='line_1_5' title="bbox 133 1119 770 1199; baseline -0.003 -14"><span class='ocrx_word' id='word_1_15' title='bbox 133 1119 136 1127; x_wconf 66' lang='grc'><strong><em>’</em></strong></span> <span class='ocrx_word' id='word_1_16' title='bbox 265 1125 446 1185; x_wconf 87' lang='lat' dir='ltr'>Hiawathae</span> <span class='ocrx_word' id='word_1_17' title='bbox 459 1135 491 1185; x_wconf 92' lang='lat' dir='ltr'>et</span> <span class='ocrx_word' id='word_1_18' title='bbox 505 1125 651 1187; x_wconf 87' lang='lat' dir='ltr'>Chibiabo</span> <span class='ocrx_word' id='word_1_19' title='bbox 665 1126 770 1199; x_wconf 89' lang='lat' dir='ltr'>invidi,</span> 
     </span>
     <span class='ocr_line' id='line_1_6' title="bbox 263 1218 896 1296; baseline -0.005 -16"><span class='ocrx_word' id='word_1_20' title='bbox 263 1219 310 1280; x_wconf 90' lang='lat' dir='ltr'>Ut</span> <span class='ocrx_word' id='word_1_21' title='bbox 322 1227 454 1278; x_wconf 88' lang='lat' dir='ltr'>mutuam</span> <span class='ocrx_word' id='word_1_22' title='bbox 467 1220 574 1277; x_wconf 90' lang='lat' dir='ltr'>horum</span> <span class='ocrx_word' id='word_1_23' title='bbox 588 1238 674 1296; x_wconf 89' lang='lat' dir='ltr'>opem</span> <span class='ocrx_word' id='word_1_24' title='bbox 688 1218 896 1291; x_wconf 76' lang='lat' dir='ltr'>disturbarent,</span> 
     </span>
     <span class='ocr_line' id='line_1_7' title="bbox 263 1310 794 1387; baseline -0.004 -15"><span class='ocrx_word' id='word_1_25' title='bbox 263 1312 396 1372; x_wconf 85' lang='lat' dir='ltr'>Exitiale</span> <span class='ocrx_word' id='word_1_26' title='bbox 410 1313 488 1370; x_wconf 90' lang='lat' dir='ltr'>inter</span> <span class='ocrx_word' id='word_1_27' title='bbox 501 1331 533 1369; x_wconf 85' lang='lat' dir='ltr'>ae</span> <span class='ocrx_word' id='word_1_28' title='bbox 542 1312 673 1387; x_wconf 86' lang='lat' dir='ltr'>junxere</span> <span class='ocrx_word' id='word_1_29' title='bbox 687 1310 794 1370; x_wconf 83' lang='lat' dir='ltr'>foedus.</span> 
     </span>
     <span class='ocr_line' id='line_1_8' title="bbox 266 1404 812 1481; baseline -0.004 -16"><span class='ocrx_word' id='word_1_30' title='bbox 266 1404 362 1480; x_wconf 87' lang='lat' dir='ltr'>Saepe</span> <span class='ocrx_word' id='word_1_31' title='bbox 375 1406 513 1463; x_wconf 87' lang='lat' dir='ltr'>monebat</span> <span class='ocrx_word' id='word_1_32' title='bbox 527 1405 689 1463; x_wconf 88' lang='lat' dir='ltr'>Hiawatha</span> <span class='ocrx_word' id='word_1_33' title='bbox 702 1424 812 1481; x_wconf 84' lang='lat' dir='ltr'>sagax:</span> 
     </span>
     <span class='ocr_line' id='line_1_9' title="bbox 265 1494 743 1573; baseline -0.004 -15"><span class='ocrx_word' id='word_1_34' title='bbox 265 1496 321 1558; x_wconf 89' lang='lat' dir='ltr'>“O</span> <span class='ocrx_word' id='word_1_35' title='bbox 336 1494 436 1570; x_wconf 78' lang='lat' dir='ltr'>frater,</span> <span class='ocrx_word' id='word_1_36' title='bbox 450 1516 489 1556; x_wconf 91' lang='lat' dir='ltr'>ne</span> <span class='ocrx_word' id='word_1_37' title='bbox 502 1516 550 1557; x_wconf 89' lang='lat' dir='ltr'>me</span> <span class='ocrx_word' id='word_1_38' title='bbox 563 1497 721 1573; x_wconf 89' lang='lat' dir='ltr'>reliqueris</span> <span class='ocrx_word' id='word_1_39' title='bbox 734 1520 743 1568; x_wconf 82' lang='lat'>3</span> 
     </span>
     <span class='ocr_line' id='line_1_10' title="bbox 263 1589 656 1651; baseline -0.01 0"><span class='ocrx_word' id='word_1_40' title='bbox 263 1589 313 1651; x_wconf 90' lang='lat' dir='ltr'>Ne</span> <span class='ocrx_word' id='word_1_41' title='bbox 326 1590 403 1650; x_wconf 77' lang='lat' dir='ltr'>forte</span> <span class='ocrx_word' id='word_1_42' title='bbox 417 1592 572 1650; x_wconf 89' lang='lat' dir='ltr'>daemones</span> <span class='ocrx_word' id='word_1_43' title='bbox 585 1591 656 1651; x_wconf 76' lang='lat' dir='ltr'>mali</span> 
     </span>
     <span class='ocr_line' id='line_1_11' title="bbox 267 1684 692 1760; baseline -0.005 -17"><span class='ocrx_word' id='word_1_44' title='bbox 267 1684 312 1743; x_wconf 86' lang='lat' dir='ltr'>Te</span> <span class='ocrx_word' id='word_1_45' title='bbox 326 1701 366 1743; x_wconf 85' lang='lat' dir='ltr'>ex</span> <span class='ocrx_word' id='word_1_46' title='bbox 380 1684 497 1742; x_wconf 83' lang='lat' dir='ltr'>insidiis</span> <span class='ocrx_word' id='word_1_47' title='bbox 510 1684 692 1760; x_wconf 84' lang='lat' dir='ltr'>excipiant.&#39;&#39;</span> 
     </span>
     <span class='ocr_line' id='line_1_12' title="bbox 268 1776 714 1853; baseline -0.004 -15"><span class='ocrx_word' id='word_1_48' title='bbox 268 1776 328 1838; x_wconf 81' lang='lat' dir='ltr'>sed</span> <span class='ocrx_word' id='word_1_49' title='bbox 342 1776 402 1849; x_wconf 90' lang='lat' dir='ltr'>ille,</span> <span class='ocrx_word' id='word_1_50' title='bbox 413 1776 592 1853; x_wconf 87' lang='lat' dir='ltr'>juveniliter</span> <span class='ocrx_word' id='word_1_51' title='bbox 604 1778 714 1851; x_wconf 88' lang='lat' dir='ltr'>ridens,</span> 
     </span>
     <span class='ocr_line' id='line_1_13' title="bbox 265 1870 741 1949; baseline -0.002 -18"><span class='ocrx_word' id='word_1_52' title='bbox 265 1870 453 1949; x_wconf 84' lang='lat' dir='ltr'>Nigerrimos</span> <span class='ocrx_word' id='word_1_53' title='bbox 467 1872 620 1948; x_wconf 81' lang='lat' dir='ltr'>quassavit</span> <span class='ocrx_word' id='word_1_54' title='bbox 633 1872 741 1945; x_wconf 81' lang='lat' dir='ltr'>erineo,</span> 
     </span>
     <span class='ocr_line' id='line_1_14' title="bbox 265 1963 875 2040; baseline -0.003 -16"><span class='ocrx_word' id='word_1_55' title='bbox 265 1964 369 2040; x_wconf 85' lang='lat' dir='ltr'>Atque</span> <span class='ocrx_word' id='word_1_56' title='bbox 382 1965 445 2022; x_wconf 92' lang='lat' dir='ltr'>ait:</span> <span class='ocrx_word' id='word_1_57' title='bbox 467 1968 486 1996; x_wconf 89' lang='lat'><strong>“</strong></span> <span class='ocrx_word' id='word_1_58' title='bbox 494 1964 567 2023; x_wconf 89' lang='lat' dir='ltr'>Noli</span> <span class='ocrx_word' id='word_1_59' title='bbox 581 1965 696 2038; x_wconf 82' lang='lat' dir='ltr'>timere,</span> <span class='ocrx_word' id='word_1_60' title='bbox 710 1966 752 2029; x_wconf 90' lang='lat' dir='ltr'>mi</span> <span class='ocrx_word' id='word_1_61' title='bbox 766 1963 875 2024; x_wconf 74' lang='lat' dir='ltr'>fratert</span> 
     </span>
     <span class='ocr_line' id='line_1_15' title="bbox 265 2056 739 2136; baseline -0.002 -19"><span class='ocrx_word' id='word_1_62' title='bbox 265 2058 317 2117; x_wconf 78' lang='lat' dir='ltr'>Ar</span> <span class='ocrx_word' id='word_1_63' title='bbox 330 2076 378 2116; x_wconf 90' lang='lat' dir='ltr'>me</span> <span class='ocrx_word' id='word_1_64' title='bbox 391 2056 469 2114; x_wconf 83' lang='lat' dir='ltr'>nihil·</span> <span class='ocrx_word' id='word_1_65' title='bbox 481 2057 552 2116; x_wconf 80' lang='lat' dir='ltr'>mtli</span> <span class='ocrx_word' id='word_1_66' title='bbox 567 2058 739 2136; x_wconf 85' lang='lat' dir='ltr'>pertingit.”</span> 
     </span>
    </p>

    <p class='ocr_par' dir='ltr' id='par_1_5' title="bbox 306 2148 861 2225">
     <span class='ocr_line' id='line_1_16' title="bbox 306 2148 861 2225; baseline 0.004 -17"><span class='ocrx_word' id='word_1_67' title='bbox 306 2150 449 2223; x_wconf 80' lang='lat' dir='ltr'><strong>Tandem,</strong></span> <span class='ocrx_word' id='word_1_68' title='bbox 464 2169 555 2225; x_wconf 91' lang='lat' dir='ltr'>quum</span> <span class='ocrx_word' id='word_1_69' title='bbox 560 2148 681 2211; x_wconf 79' lang='lat' dir='ltr'>&#39;Laoum</span> <span class='ocrx_word' id='word_1_70' title='bbox 694 2151 861 2210; x_wconf 81' lang='lat' dir='ltr'>Maximum</span> 
     </span>
    </p>

    <p class='ocr_par' dir='ltr' id='par_1_6' title="bbox 263 2243 911 3236">
     <span class='ocr_line' id='line_1_17' title="bbox 266 2243 661 2322; baseline 0 -19"><span class='ocrx_word' id='word_1_71' title='bbox 266 2243 372 2303; x_wconf 82' lang='lat' dir='ltr'>Hiems</span> <span class='ocrx_word' id='word_1_72' title='bbox 386 2244 481 2322; x_wconf 85' lang='lat' dir='ltr'>glaeie</span> <span class='ocrx_word' id='word_1_73' title='bbox 495 2244 661 2318; x_wconf 79' lang='lat' dir='ltr'><strong>obtexerat,</strong></span> 
     </span>
     <span class='ocr_line' id='line_1_18' title="bbox 264 2337 908 2415; baseline -0.002 -19"><span class='ocrx_word' id='word_1_74' title='bbox 264 2337 425 2412; x_wconf 85' lang='lat' dir='ltr'>Flooeique</span> <span class='ocrx_word' id='word_1_75' title='bbox 440 2338 554 2397; x_wconf 81' lang='lat' dir='ltr'>nivales</span> <span class='ocrx_word' id='word_1_76' title='bbox 569 2338 692 2415; x_wconf 87' lang='lat' dir='ltr'>pervagi</span> <span class='ocrx_word' id='word_1_77' title='bbox 904 2397 908 2408; x_wconf 56' lang='grc'>,</span> 
     </span>
     <span class='ocr_line' id='line_1_19' title="bbox 263 2429 878 2513; baseline -0.002 -24"><span class='ocrx_word' id='word_1_78' title='bbox 263 2429 349 2489; x_wconf 87' lang='lat' dir='ltr'>Inter</span> <span class='ocrx_word' id='word_1_79' title='bbox 361 2430 507 2488; x_wconf 82' lang='lat' dir='ltr'>marcidas</span> <span class='ocrx_word' id='word_1_80' title='bbox 520 2434 648 2506; x_wconf 78' lang='lat' dir='ltr'>quereus</span> <span class='ocrx_word' id='word_1_81' title='bbox 666 2429 832 2503; x_wconf 88' lang='lat' dir='ltr'>sibilabant,</span> <span class='ocrx_word' id='word_1_82' title='bbox 876 2509 878 2513; x_wconf 20' lang='grc' dir='ltr'>Ι</span> 
     </span>
     <span class='ocr_line' id='line_1_20' title="bbox 264 2523 911 2600; baseline -0.002 -17"><span class='ocrx_word' id='word_1_83' title='bbox 264 2523 340 2583; x_wconf 87' lang='lat' dir='ltr'>Mox</span> <span class='ocrx_word' id='word_1_84' title='bbox 354 2523 571 2581; x_wconf 86' lang='lat' dir='ltr'>obumbranteis</span> <span class='ocrx_word' id='word_1_85' title='bbox 585 2525 721 2600; x_wconf 84' lang='lat' dir='ltr'>pinorum</span> <span class='ocrx_word' id='word_1_86' title='bbox 736 2542 833 2582; x_wconf 90' lang='lat' dir='ltr'>ramos</span> <span class='ocrx_word' id='word_1_87' title='bbox 910 2585 911 2590; x_wconf 58' lang='grc'>,</span> 
     </span>
     <span class='ocr_line' id='line_1_21' title="bbox 263 2615 772 2676; baseline 0.002 -2"><span class='ocrx_word' id='word_1_88' title='bbox 263 2615 302 2675; x_wconf 93' lang='lat' dir='ltr'>In</span> <span class='ocrx_word' id='word_1_89' title='bbox 315 2617 391 2674; x_wconf 88' lang='lat' dir='ltr'>latos</span> <span class='ocrx_word' id='word_1_90' title='bbox 405 2616 630 2675; x_wconf 79' lang='lat' dir='ltr'>consolidabant</span> <span class='ocrx_word' id='word_1_91' title='bbox 643 2616 772 2676; x_wconf 90' lang='lat' dir='ltr'>fornioes</span> 
     </span>
     <span class='ocr_line' id='line_1_22' title="bbox 266 2707 738 2779; baseline -0.002 -10"><span class='ocrx_word' id='word_1_92' title='bbox 266 2707 329 2769; x_wconf 90' lang='lat' dir='ltr'>Sub</span> <span class='ocrx_word' id='word_1_93' title='bbox 342 2715 426 2768; x_wconf 88' lang='lat' dir='ltr'>vasto</span> <span class='ocrx_word' id='word_1_94' title='bbox 440 2716 586 2768; x_wconf 88' lang='lat' dir='ltr'>terrarum</span> <span class='ocrx_word' id='word_1_95' title='bbox 600 2709 738 2779; x_wconf 89' lang='lat' dir='ltr'>silentio;</span> 
     </span>
     <span class='ocr_line' id='line_1_23' title="bbox 264 2801 788 2875; baseline 0 -14"><span class='ocrx_word' id='word_1_96' title='bbox 264 2802 344 2861; x_wconf 89' lang='lat' dir='ltr'>Tum</span> <span class='ocrx_word' id='word_1_97' title='bbox 358 2802 531 2875; x_wconf 87' lang='lat' dir='ltr'>Chibiabus,</span> <span class='ocrx_word' id='word_1_98' title='bbox 546 2801 670 2862; x_wconf 81' lang='lat' dir='ltr'>fraterni</span> <span class='ocrx_word' id='word_1_99' title='bbox 683 2804 788 2861; x_wconf 89' lang='lat' dir='ltr'>moniti</span> 
     </span>
     <span class='ocr_line' id='line_1_24' title="bbox 263 2896 809 2971; baseline 0 -16"><span class='ocrx_word' id='word_1_100' title='bbox 263 2896 506 2971; x_wconf 88' lang='lat' dir='ltr'>Daemonumque</span> <span class='ocrx_word' id='word_1_101' title='bbox 519 2896 665 2955; x_wconf 74' lang='lat' dir='ltr'>milorum</span> <span class='ocrx_word' id='word_1_102' title='bbox 679 2914 809 2968; x_wconf 80' lang='lat' dir='ltr'>securus,</span> 
     </span>
     <span class='ocr_line' id='line_1_25' title="bbox 265 2987 687 3050; baseline -0.005 0"><span class='ocrx_word' id='word_1_103' title='bbox 265 2987 413 3050; x_wconf 82' lang='lat' dir='ltr'>Cornutus</span> <span class='ocrx_word' id='word_1_104' title='bbox 426 2995 568 3047; x_wconf 84' lang='lat' dir='ltr'>venatum</span> <span class='ocrx_word' id='word_1_105' title='bbox 581 3007 687 3049; x_wconf 89' lang='lat' dir='ltr'>eervos</span> 
     </span>
     <span class='ocr_line' id='line_1_26' title="bbox 263 3080 764 3159; baseline -0.002 -18"><span class='ocrx_word' id='word_1_106' title='bbox 263 3080 324 3141; x_wconf 90' lang='lat' dir='ltr'>Per</span> <span class='ocrx_word' id='word_1_107' title='bbox 337 3082 434 3140; x_wconf 87' lang='lat' dir='ltr'>niveis</span> <span class='ocrx_word' id='word_1_108' title='bbox 448 3089 593 3159; x_wconf 85' lang='lat' dir='ltr'>evagatur</span> <span class='ocrx_word' id='word_1_109' title='bbox 607 3081 764 3141; x_wconf 88' lang='lat' dir='ltr'>solitarius.</span> 
     </span>
     <span class='ocr_line' id='line_1_27' title="bbox 265 3174 586 3236; baseline -0.009 0"><span class='ocrx_word' id='word_1_110' title='bbox 265 3174 379 3236; x_wconf 79' lang='lat' dir='ltr'>Cervos</span> <span class='ocrx_word' id='word_1_111' title='bbox 393 3175 484 3233; x_wconf 73' lang='lat' dir='ltr'>citato</span> <span class='ocrx_word' id='word_1_112' title='bbox 498 3190 586 3233; x_wconf 85' lang='lat' dir='ltr'>eursu</span> 
     </span>
    </p>
   </div>
   <div class='ocr_carea' id='block_1_4' title="bbox 263 3265 664 3345">
    <p class='ocr_par' dir='ltr' id='par_1_7' title="bbox 263 3265 664 3345">
     <span class='ocr_line' id='line_1_28' title="bbox 263 3265 664 3345; baseline -0.002 -18"><span class='ocrx_word' id='word_1_113' title='bbox 263 3266 302 3326; x_wconf 92' lang='lat' dir='ltr'>In</span> <span class='ocrx_word' id='word_1_114' title='bbox 315 3265 413 3327; x_wconf 75' lang='lat' dir='ltr'>Laofis</span> <span class='ocrx_word' id='word_1_115' title='bbox 425 3286 536 3343; x_wconf 86' lang='lat' dir='ltr'>aequor</span> <span class='ocrx_word' id='word_1_116' title='bbox 549 3269 664 3345; x_wconf 87' lang='lat' dir='ltr'>elapsos</span> 
     </span>
    </p>
   </div>
   <div class='ocr_carea' id='block_1_5' title="bbox 0 0 1134 3800">
    <p class='ocr_par' dir='ltr' id='par_1_8' title="bbox 0 0 1134 3800">
     <span class='ocr_line' id='line_1_29' title="bbox 0 0 1134 3800; baseline 0 1"><span class='ocrx_word' id='word_1_117' title='bbox 0 0 1134 3800; x_wconf 95' lang='lat' dir='ltr'> </span> 
     </span>
    </p>
   </div>
  </div>
 </body>
</html>
